1458 2315
115 127 166 169 v.]
360 128 419 160 SA
429 129 662 160 TJRARUM
685 129 830 160 LIBER
855 130 903 160 ῃ.
1098 140 1156 169 213

115 204 207 238 vivet
223 209 298 237 uter
313 203 465 248 locuples
483 205 555 238 sine
571 206 694 248 gnatis,
715 206 900 249 improbus,
921 205 1012 239 ultro

116 258 174 301 qui
190 258 367 291 meliorem
383 259 495 290 audax
510 264 608 291 vocet
625 259 660 290 in
677 259 738 298 ius,
759 259 849 292 illius
866 265 939 292 esto

115 311 293 344 defensor:
317 311 408 344 fama
425 311 534 344 civem
551 323 718 355 causaque
736 313 883 355 priorem
1124 329 1158 354 30

116 375 249 407 sperne,
269 365 363 397 domi
380 365 408 397 si
424 370 547 408 gnatus
563 366 626 398 erit
643 366 829 398 secundave
845 366 1005 399 coniunx.

119 418 144 434 “
155 416 319 459 Quinte,”
342 423 435 461 puta,
464 423 522 450 aut
551 419 574 434 ‘⁴
587 418 687 450 Publi
697 417 715 431 ”
745 419 907 461 (gaudent
934 420 1155 463 praenomine

248 470 370 503 molles

113 523 309 564 auriculae),
334 523 432 556 “tibi
448 534 503 557 me
519 523 625 557 virtus
642 529 700 556 tua
716 524 793 557 fecit
810 525 957 558 amicum
971 538 979 559 z

112 576 164 609 ius
180 588 305 620 anceps
321 577 412 617 novi,
433 587 549 610 causas
566 577 747 610 defendere
764 589 901 621 possum
915 591 923 612 :

113 629 234 673 eripiet
250 629 360 672 quivis
377 630 493 662 oculos
509 630 607 662 citius
625 630 708 662 mihi
726 642 827 673 quam
845 636 878 663 te

111 688 346 726 contemptum
363 693 456 715 cassa
472 694 558 715 nuce
574 689 758 726 pauperet:
786 684 870 716 haec
887 695 963 717 mea
980 695 1058 717 cura
1075 689 1135 725 est,

112 736 240 779 nequid
257 741 291 768 tu
308 736 441 779 perdas,
461 746 527 768 neu
545 736 589 768 sis
606 735 736 769 iocus.’'
784 736 831 768 ire
848 737 989 770 domum
1006 743 1108 781 atque

112 788 308 832 pelliculam
325 799 440 821 curare
457 788 536 821 iube
550 801 560 829 ;
584 788 606 821 fi
623 789 780 831 cognitor
796 789 880 832 ipse,

113 846 226 885 persta
241 846 343 885 atque
359 842 499 882 obdura,
521 852 580 874 seu
596 842 698 874 rubra
716 842 882 875 Canicula
900 843 1007 876 findet

113 948 234 981 Furius
250 948 408 981 hibernas
425 959 509 981 cana
525 949 604 981 nive
621 954 785 992 conspuet
802 949 913 992 Alpis.

116 1001 139 1017 “
152 1011 267 1033 nonne
282 999 407 1032 vides''
425 1000 547 1043 aliquis
564 1001 679 1033 cubito
697 1007 844 1034 stantem
862 1012 970 1044 prope
987 1006 1130 1045 tangens

111 1053 252 1096 inquiet,
277 1054 301 1070 “
312 1057 350 1086 ut
366 1054 509 1096 patiens,
530 1059 567 1086 ut
583 1054 702 1086 amicis
719 1060 828 1097 aptus,
849 1060 885 1086 ut
903 1056 1004 1087 acer?
1020 1054 1037 1068 ’'

111 1105 224 1149 plures
240 1106 414 1138 adnabunt
431 1106 552 1138 thunni
569 1111 601 1139 et
619 1107 744 1139 cetaria
761 1111 922 1140 crescent.

111 1160 140 1193 si
157 1160 210 1191 cui
228 1162 401 1202 praeterea
417 1159 550 1191 validus
566 1159 656 1191 male
673 1160 761 1191 filius
777 1160 812 1191 in
829 1171 865 1192 re

112 1212 286 1255 praeclara
302 1211 452 1243 sublatus
469 1211 586 1250 aletur,
607 1223 649 1244 ne
666 1212 882 1244 manifestum

111 1265 251 1298 caelibis
267 1264 468 1307 obsequium
485 1265 589 1297 nudet
605 1269 649 1303 te,
670 1264 791 1297 leniter
808 1265 841 1296 in
859 1276 955 1308 spem

112 1318 238 1360 adrepe
256 1317 437 1356 officiosus,
456 1322 493 1349 ut
511 1322 542 1350 et
560 1317 705 1350 scribare
722 1318 888 1351 secundus

111 1370 209 1404 heres
226 1375 270 1410 et,
290 1370 393 1412 siquis
411 1381 506 1402 casus
523 1381 664 1413 puerum
681 1371 785 1413 egerit
804 1371 904 1411 Orco,

111 1424 146 1456 in
162 1434 307 1456 vacuum
325 1423 460 1456 venias:
485 1434 622 1465 perraro
638 1423 722 1456 haec
739 1425 812 1457 alca
830 1425 926 1458 fallit.
1122 1444 1155 1467 50

110 1476 168 1519 qui
187 1481 425 1509 testamentum
444 1476 553 1509 tradet
570 1477 632 1509 tibi
650 1487 794 1520 cumque
810 1477 1003 1521 legendum,
1033 1518 1038 1523 ,

109 1529 258 1562 abnuere
275 1534 308 1562 et
326 1529 457 1562 tabulas
475 1540 494 1561 a
511 1533 543 1561 te
560 1540 732 1562 removere
750 1538 931 1571 memento,

109 1582 157 1614 sic
175 1587 288 1615 tamen
306 1588 341 1614 ut
359 1582 448 1614 limis
467 1582 577 1624 rapias
594 1583 674 1625 quid
694 1583 803 1626 prima
820 1585 969 1618 secundo

109 1644 186 1668 cera
202 1635 283 1668 velit
301 1646 396 1668 versu
412 1647 421 1675 ;
447 1635 547 1675 solus,
570 1636 728 1669 multisne
744 1637 894 1677 coheres,

108 1687 217 1720 veloci
235 1699 390 1731 percurre
408 1689 517 1722 oculo.
570 1689 768 1732 plerumque
786 1696 937 1723 recoctus

107 1740 219 1773 scriba
235 1751 277 1773 ex
293 1741 517 1784 quinqueviro
534 1752 673 1774 corvum
690 1743 829 1776 deludet
847 1743 1009 1786 hiantem,

107 1797 328 1837 captatorque
344 1794 439 1826 dabit
456 1794 541 1827 risus
558 1795 686 1828 Nasica
705 1796 867 1829 Corano.'

106 1855 190 1878 num
206 1846 287 1879 suris
302 1857 346 1879 an
363 1847 511 1890 prudens
528 1848 617 1881 ludis
634 1860 688 1881 me
705 1850 847 1882 obscura
864 1852 1042 1886 canendo?

111 1899 122 1915 ‘
133 1908 154 1931 ο
171 1898 361 1940 Laertiade,
383 1901 545 1944 quicquid
561 1902 675 1934 dicam
692 1906 749 1934 aut
767 1903 828 1935 erit
845 1909 901 1936 aut
919 1915 1009 1939 non:

107 1950 259 1986 divinare
276 1954 401 1987 etenim
420 1965 561 1997 magnus
579 1955 662 1988 mihi
680 1955 785 1988 donat
802 1956 956 1999 Apollo)
1114 1968 1151 1995 60

111 895 249 928 infantis
266 900 402 935 statuas,
423 905 481 927 seu
498 895 617 938 pingui
634 900 746 928 tentus
769 907 887 928 omaso
1124 913 1158 936 40
