<?xml version="1.0" encoding="UTF-8"?>
<!DOCTYPE html PUBLIC "-//W3C//DTD XHTML 1.0 Transitional//EN"
    "http://www.w3.org/TR/xhtml1/DTD/xhtml1-transitional.dtd">
<html xmlns="http://www.w3.org/1999/xhtml" xml:lang="en" lang="en">
 <head>
  <title>
</title>
<meta http-equiv="Content-Type" content="text/html;charset=utf-8" />
  <meta name='ocr-system' content='tesseract 3.04.00' />
  <meta name='ocr-capabilities' content='ocr_page ocr_carea ocr_par ocr_line ocrx_word'/>
</head>
<body>
  <div class='ocr_page' id='page_1' title='image "./operacornish00horauoft_0183.png"; bbox 0 0 1458 2315; ppageno 0'>
   <div class='ocr_carea' id='block_1_1' title="bbox 97 123 1139 186">
    <p class='ocr_par' dir='ltr' id='par_1_1' title="bbox 97 123 1139 186">
     <span class='ocr_line' id='line_1_1' title="bbox 97 123 1139 186; baseline 0.021 -30"><span class='ocrx_word' id='word_1_1' title='bbox 97 123 167 165; x_wconf 88' lang='lat'>111.]</span> <span class='ocrx_word' id='word_1_2' title='bbox 351 130 411 162; x_wconf 84' lang='lat' dir='ltr'>SA</span> <span class='ocrx_word' id='word_1_3' title='bbox 419 132 654 167; x_wconf 77' lang='lat' dir='ltr'><em>TJRARUM</em></span> <span class='ocrx_word' id='word_1_4' title='bbox 675 139 821 171; x_wconf 79' lang='lat' dir='ltr'><em>LIBER</em></span> <span class='ocrx_word' id='word_1_5' title='bbox 847 142 875 173; x_wconf 88' lang='lat' dir='ltr'>l.</span> <span class='ocrx_word' id='word_1_6' title='bbox 1081 149 1139 186; x_wconf 89' lang='lat'>167</span> 
     </span>
    </p>
   </div>
   <div class='ocr_carea' id='block_1_2' title="bbox 92 194 1018 299">
    <p class='ocr_par' dir='ltr' id='par_1_2' title="bbox 92 194 1018 299">
     <span class='ocr_line' id='line_1_2' title="bbox 95 194 975 251; baseline 0.024 -28"><span class='ocrx_word' id='word_1_7' title='bbox 95 201 138 224; x_wconf 90' lang='lat' dir='ltr'>ne</span> <span class='ocrx_word' id='word_1_8' title='bbox 154 194 285 227; x_wconf 87' lang='lat' dir='ltr'>nummi</span> <span class='ocrx_word' id='word_1_9' title='bbox 301 202 441 239; x_wconf 87' lang='lat' dir='ltr'>pereant</span> <span class='ocrx_word' id='word_1_10' title='bbox 457 204 515 233; x_wconf 90' lang='lat' dir='ltr'>aut</span> <span class='ocrx_word' id='word_1_11' title='bbox 531 213 622 246; x_wconf 87' lang='lat' dir='ltr'>puga</span> <span class='ocrx_word' id='word_1_12' title='bbox 638 210 696 238; x_wconf 84' lang='lat' dir='ltr'>aut</span> <span class='ocrx_word' id='word_1_13' title='bbox 712 207 860 251; x_wconf 91' lang='lat' dir='ltr'>denique</span> <span class='ocrx_word' id='word_1_14' title='bbox 875 209 975 244; x_wconf 84' lang='lat' dir='ltr'>sama.</span> 
     </span>
     <span class='ocr_line' id='line_1_3' title="bbox 92 244 1018 299; baseline 0.025 -23"><span class='ocrx_word' id='word_1_15' title='bbox 92 244 257 288; x_wconf 84' lang='lat' dir='ltr'><strong>deprendi</strong></span> <span class='ocrx_word' id='word_1_16' title='bbox 274 249 435 284; x_wconf 83' lang='lat' dir='ltr'>miserum</span> <span class='ocrx_word' id='word_1_17' title='bbox 450 258 521 286; x_wconf 84' lang='lat' dir='ltr'>est:</span> <span class='ocrx_word' id='word_1_18' title='bbox 549 255 658 290; x_wconf 87' lang='lat' dir='ltr'>Fabio</span> <span class='ocrx_word' id='word_1_19' title='bbox 675 259 728 292; x_wconf 82' lang='lat' dir='ltr'>vel</span> <span class='ocrx_word' id='word_1_20' title='bbox 746 260 855 296; x_wconf 87' lang='lat' dir='ltr'>iudice</span> <span class='ocrx_word' id='word_1_21' title='bbox 872 263 1018 299; x_wconf 87' lang='lat' dir='ltr'>vincam.</span> 
     </span>
    </p>
   </div>
   <div class='ocr_carea' id='block_1_3' title="bbox 51 520 1132 2012">
    <p class='ocr_par' dir='ltr' id='par_1_3' title="bbox 85 520 1132 617">
     <span class='ocr_line' id='line_1_4' title="bbox 85 520 1132 610; baseline 0.027 -58"><span class='ocrx_word' id='word_1_22' title='bbox 85 520 157 555; x_wconf 90' lang='grc' dir='ltr'>ΙΙΙ.</span> <span class='ocrx_word' id='word_1_23' title='bbox 187 522 475 610; x_wconf 84' lang='lat' dir='ltr'>OMNIBUS</span> <span class='ocrx_word' id='word_1_24' title='bbox 504 531 569 566; x_wconf 91' lang='lat' dir='ltr'>hoc</span> <span class='ocrx_word' id='word_1_25' title='bbox 593 533 713 569; x_wconf 87' lang='lat' dir='ltr'>vitium</span> <span class='ocrx_word' id='word_1_26' title='bbox 738 542 786 571; x_wconf 90' lang='lat' dir='ltr'>est</span> <span class='ocrx_word' id='word_1_27' title='bbox 811 542 1016 584; x_wconf 74' lang='lat' dir='ltr'>cantoribus,</span> <span class='ocrx_word' id='word_1_28' title='bbox 1045 545 1132 580; x_wconf 81' lang='lat' dir='ltr'>inter</span> 
     </span>
     <span class='ocr_line' id='line_1_5' title="bbox 390 584 518 617; baseline 0.023 -3"><span class='ocrx_word' id='word_1_29' title='bbox 390 584 518 617; x_wconf 86' lang='lat' dir='ltr'>amicos</span> 
     </span>
    </p>

    <p class='ocr_par' dir='ltr' id='par_1_4' title="bbox 82 630 955 689">
     <span class='ocr_line' id='line_1_6' title="bbox 82 630 955 689; baseline 0.025 -31"><span class='ocrx_word' id='word_1_30' title='bbox 82 630 119 659; x_wconf 84' lang='lat' dir='ltr'>ut</span> <span class='ocrx_word' id='word_1_31' title='bbox 135 638 320 674; x_wconf 89' lang='lat' dir='ltr'>numquam</span> <span class='ocrx_word' id='word_1_32' title='bbox 337 633 498 669; x_wconf 83' lang='lat' dir='ltr'>inducant</span> <span class='ocrx_word' id='word_1_33' title='bbox 515 639 666 672; x_wconf 87' lang='lat' dir='ltr'>animum</span> <span class='ocrx_word' id='word_1_34' title='bbox 683 648 819 677; x_wconf 81' lang='lat' dir='ltr'>cantare</span> <span class='ocrx_word' id='word_1_35' title='bbox 837 648 955 689; x_wconf 79' lang='lat' dir='ltr'>rogati,</span> 
     </span>
    </p>

    <p class='ocr_par' dir='ltr' id='par_1_5' title="bbox 80 679 936 733">
     <span class='ocr_line' id='line_1_7' title="bbox 80 679 936 733; baseline 0.025 -22"><span class='ocrx_word' id='word_1_36' title='bbox 80 679 199 714; x_wconf 88' lang='lat' dir='ltr'>iniussi</span> <span class='ocrx_word' id='word_1_37' title='bbox 217 693 403 728; x_wconf 86' lang='lat' dir='ltr'>numquam</span> <span class='ocrx_word' id='word_1_38' title='bbox 420 688 595 724; x_wconf 80' lang='lat' dir='ltr'><strong>desistant.</strong></span> <span class='ocrx_word' id='word_1_39' title='bbox 643 694 771 729; x_wconf 83' lang='lat' dir='ltr'>Sardus</span> <span class='ocrx_word' id='word_1_40' title='bbox 787 698 936 733; x_wconf 85' lang='lat' dir='ltr'>habebat</span> 
     </span>
    </p>

    <p class='ocr_par' dir='ltr' id='par_1_6' title="bbox 80 732 957 794">
     <span class='ocr_line' id='line_1_8' title="bbox 80 732 957 794; baseline 0.025 -30"><span class='ocrx_word' id='word_1_41' title='bbox 80 732 138 766; x_wconf 91' lang='lat' dir='ltr'>ille</span> <span class='ocrx_word' id='word_1_42' title='bbox 155 734 319 778; x_wconf 83' lang='lat' dir='ltr'>Tigellius</span> <span class='ocrx_word' id='word_1_43' title='bbox 335 739 411 773; x_wconf 89' lang='lat' dir='ltr'>hoc.</span> <span class='ocrx_word' id='word_1_44' title='bbox 462 743 598 784; x_wconf 86' lang='lat' dir='ltr'>Caesar,</span> <span class='ocrx_word' id='word_1_45' title='bbox 619 747 677 788; x_wconf 88' lang='lat' dir='ltr'>qui</span> <span class='ocrx_word' id='word_1_46' title='bbox 695 759 816 792; x_wconf 85' lang='lat' dir='ltr'>cogere</span> <span class='ocrx_word' id='word_1_47' title='bbox 833 759 957 794; x_wconf 84' lang='lat' dir='ltr'>posset,</span> 
     </span>
    </p>

    <p class='ocr_par' dir='ltr' id='par_1_7' title="bbox 77 785 982 845">
     <span class='ocr_line' id='line_1_9' title="bbox 77 785 982 845; baseline 0.025 -28"><span class='ocrx_word' id='word_1_48' title='bbox 77 785 106 817; x_wconf 89' lang='lat' dir='ltr'>si</span> <span class='ocrx_word' id='word_1_49' title='bbox 121 792 251 829; x_wconf 91' lang='lat' dir='ltr'>peteret</span> <span class='ocrx_word' id='word_1_50' title='bbox 267 801 328 833; x_wconf 91' lang='lat' dir='ltr'>per</span> <span class='ocrx_word' id='word_1_51' title='bbox 344 794 528 828; x_wconf 85' lang='lat' dir='ltr'>amicitiam</span> <span class='ocrx_word' id='word_1_52' title='bbox 544 799 650 840; x_wconf 82' lang='lat' dir='ltr'>patris</span> <span class='ocrx_word' id='word_1_53' title='bbox 667 806 769 844; x_wconf 86' lang='lat' dir='ltr'>atque</span> <span class='ocrx_word' id='word_1_54' title='bbox 786 814 891 845; x_wconf 85' lang='lat' dir='ltr'>suam,</span> <span class='ocrx_word' id='word_1_55' title='bbox 914 818 982 840; x_wconf 89' lang='lat' dir='ltr'>non</span> 
     </span>
    </p>

    <p class='ocr_par' dir='ltr' id='par_1_8' title="bbox 76 840 914 895">
     <span class='ocr_line' id='line_1_10' title="bbox 76 840 914 895; baseline 0.025 -25"><span class='ocrx_word' id='word_1_56' title='bbox 76 840 259 884; x_wconf 90' lang='lat' dir='ltr'>quicquam</span> <span class='ocrx_word' id='word_1_57' title='bbox 274 846 454 886; x_wconf 88' lang='lat' dir='ltr'>proficeret</span> <span class='ocrx_word' id='word_1_58' title='bbox 468 860 478 888; x_wconf 79' lang='lat'><em>3</em></span> <span class='ocrx_word' id='word_1_59' title='bbox 502 850 530 881; x_wconf 91' lang='lat' dir='ltr'>si</span> <span class='ocrx_word' id='word_1_60' title='bbox 548 851 767 895; x_wconf 82' lang='lat' dir='ltr'>collibuisset,</span> <span class='ocrx_word' id='word_1_61' title='bbox 788 857 832 889; x_wconf 88' lang='lat' dir='ltr'>ab</span> <span class='ocrx_word' id='word_1_62' title='bbox 849 869 914 891; x_wconf 95' lang='lat' dir='ltr'>ovo</span> 
     </span>
    </p>

    <p class='ocr_par' dir='ltr' id='par_1_9' title="bbox 75 895 1021 947">
     <span class='ocr_line' id='line_1_11' title="bbox 75 895 1021 947; baseline 0.025 -24"><span class='ocrx_word' id='word_1_63' title='bbox 75 902 181 936; x_wconf 90' lang='lat' dir='ltr'>usque</span> <span class='ocrx_word' id='word_1_64' title='bbox 198 895 241 927; x_wconf 82' lang='lat' dir='ltr'>ad</span> <span class='ocrx_word' id='word_1_65' title='bbox 258 897 349 930; x_wconf 86' lang='lat' dir='ltr'>mala</span> <span class='ocrx_word' id='word_1_66' title='bbox 365 900 484 934; x_wconf 82' lang='lat' dir='ltr'>citaret</span> <span class='ocrx_word' id='word_1_67' title='bbox 504 902 558 935; x_wconf 92' lang='lat' dir='ltr'>‘io</span> <span class='ocrx_word' id='word_1_68' title='bbox 575 903 746 947; x_wconf 86' lang='lat' dir='ltr'>bacchae&#39;,</span> <span class='ocrx_word' id='word_1_69' title='bbox 767 910 872 943; x_wconf 93' lang='lat' dir='ltr'>modo</span> <span class='ocrx_word' id='word_1_70' title='bbox 889 923 1021 947; x_wconf 84' lang='lat' dir='ltr'>summa</span> 
     </span>
    </p>

    <p class='ocr_par' dir='ltr' id='par_1_10' title="bbox 73 949 1068 1006">
     <span class='ocr_line' id='line_1_12' title="bbox 73 949 1068 1006; baseline 0.025 -30"><span class='ocrx_word' id='word_1_71' title='bbox 73 955 167 985; x_wconf 90' lang='lat' dir='ltr'>voce,</span> <span class='ocrx_word' id='word_1_72' title='bbox 187 949 292 981; x_wconf 90' lang='lat' dir='ltr'>modo</span> <span class='ocrx_word' id='word_1_73' title='bbox 309 950 382 991; x_wconf 90' lang='lat' dir='ltr'>hac,</span> <span class='ocrx_word' id='word_1_74' title='bbox 403 960 538 988; x_wconf 87' lang='lat' dir='ltr'>resonat</span> <span class='ocrx_word' id='word_1_75' title='bbox 555 968 642 1000; x_wconf 89' lang='lat' dir='ltr'>quae</span> <span class='ocrx_word' id='word_1_76' title='bbox 659 959 796 994; x_wconf 87' lang='lat' dir='ltr'>chordis</span> <span class='ocrx_word' id='word_1_77' title='bbox 814 970 975 1006; x_wconf 87' lang='lat' dir='ltr'>quattuor</span> <span class='ocrx_word' id='word_1_78' title='bbox 992 968 1068 1002; x_wconf 81' lang='lat' dir='ltr'>ima.</span> 
     </span>
    </p>

    <p class='ocr_par' dir='ltr' id='par_1_11' title="bbox 72 998 907 1060">
     <span class='ocr_line' id='line_1_13' title="bbox 72 998 907 1060; baseline 0.026 -31"><span class='ocrx_word' id='word_1_79' title='bbox 72 998 121 1030; x_wconf 90' lang='lat' dir='ltr'>nil</span> <span class='ocrx_word' id='word_1_80' title='bbox 137 1002 279 1043; x_wconf 88' lang='lat' dir='ltr'>aequale</span> <span class='ocrx_word' id='word_1_81' title='bbox 295 1003 427 1038; x_wconf 89' lang='lat' dir='ltr'>homini</span> <span class='ocrx_word' id='word_1_82' title='bbox 444 1006 506 1040; x_wconf 91' lang='lat' dir='ltr'>fuit</span> <span class='ocrx_word' id='word_1_83' title='bbox 524 1008 574 1041; x_wconf 90' lang='lat' dir='ltr'>illi</span> <span class='ocrx_word' id='word_1_84' title='bbox 589 1023 596 1043; x_wconf 92' lang='lat'>:</span> <span class='ocrx_word' id='word_1_85' title='bbox 623 1022 724 1055; x_wconf 83' lang='lat' dir='ltr'>saepe</span> <span class='ocrx_word' id='word_1_86' title='bbox 741 1015 832 1049; x_wconf 87' lang='lat' dir='ltr'>velut</span> <span class='ocrx_word' id='word_1_87' title='bbox 849 1019 907 1060; x_wconf 90' lang='lat' dir='ltr'>qui</span> 
     </span>
    </p>

    <p class='ocr_par' dir='ltr' id='par_1_12' title="bbox 71 1053 1118 1113">
     <span class='ocr_line' id='line_1_14' title="bbox 71 1053 1118 1113; baseline 0.027 -31"><span class='ocrx_word' id='word_1_88' title='bbox 71 1053 226 1086; x_wconf 89' lang='lat' dir='ltr'>currebat</span> <span class='ocrx_word' id='word_1_89' title='bbox 243 1055 372 1098; x_wconf 83' lang='lat' dir='ltr'>fugiens</span> <span class='ocrx_word' id='word_1_90' title='bbox 388 1058 533 1100; x_wconf 84' lang='lat' dir='ltr'>hostem,</span> <span class='ocrx_word' id='word_1_91' title='bbox 554 1074 717 1108; x_wconf 83' lang='lat' dir='ltr'>persaepe</span> <span class='ocrx_word' id='word_1_92' title='bbox 734 1069 826 1102; x_wconf 88' lang='lat' dir='ltr'>velut</span> <span class='ocrx_word' id='word_1_93' title='bbox 843 1071 901 1113; x_wconf 88' lang='lat' dir='ltr'>qui</span> <span class='ocrx_word' id='word_1_94' title='bbox 1086 1093 1118 1110; x_wconf 87' lang='lat'>10</span> 
     </span>
    </p>

    <p class='ocr_par' dir='ltr' id='par_1_13' title="bbox 70 1103 945 1165">
     <span class='ocr_line' id='line_1_15' title="bbox 70 1103 945 1165; baseline 0.026 -30"><span class='ocrx_word' id='word_1_95' title='bbox 70 1103 213 1148; x_wconf 80' lang='lat' dir='ltr'>Iunonis</span> <span class='ocrx_word' id='word_1_96' title='bbox 230 1118 324 1141; x_wconf 86' lang='lat' dir='ltr'>sacra</span> <span class='ocrx_word' id='word_1_97' title='bbox 340 1110 440 1144; x_wconf 84' lang='lat' dir='ltr'>ferret</span> <span class='ocrx_word' id='word_1_98' title='bbox 452 1124 463 1152; x_wconf 83' lang='lat'>;</span> <span class='ocrx_word' id='word_1_99' title='bbox 488 1114 636 1149; x_wconf 85' lang='lat' dir='ltr'>habebat</span> <span class='ocrx_word' id='word_1_100' title='bbox 654 1129 754 1162; x_wconf 84' lang='lat' dir='ltr'>saepe</span> <span class='ocrx_word' id='word_1_101' title='bbox 771 1122 945 1165; x_wconf 87' lang='lat' dir='ltr'>ducentos,</span> 
     </span>
    </p>

    <p class='ocr_par' dir='ltr' id='par_1_14' title="bbox 70 1159 1033 1220">
     <span class='ocr_line' id='line_1_16' title="bbox 70 1159 1033 1220; baseline 0.026 -32"><span class='ocrx_word' id='word_1_102' title='bbox 70 1167 171 1200; x_wconf 85' lang='lat' dir='ltr'>saepe</span> <span class='ocrx_word' id='word_1_103' title='bbox 188 1159 307 1194; x_wconf 91' lang='lat' dir='ltr'>decem</span> <span class='ocrx_word' id='word_1_104' title='bbox 325 1173 438 1197; x_wconf 86' lang='lat' dir='ltr'>servos</span> <span class='ocrx_word' id='word_1_105' title='bbox 453 1177 462 1204; x_wconf 90' lang='grc'>;</span> <span class='ocrx_word' id='word_1_106' title='bbox 486 1169 590 1201; x_wconf 90' lang='lat' dir='ltr'>modo</span> <span class='ocrx_word' id='word_1_107' title='bbox 607 1181 703 1213; x_wconf 82' lang='lat' dir='ltr'>reges</span> <span class='ocrx_word' id='word_1_108' title='bbox 720 1179 821 1216; x_wconf 83' lang='lat' dir='ltr'>atque</span> <span class='ocrx_word' id='word_1_109' title='bbox 839 1179 1033 1220; x_wconf 81' lang='lat' dir='ltr'>tetrarchas,</span> 
     </span>
    </p>

    <p class='ocr_par' dir='ltr' id='par_1_15' title="bbox 67 1212 1111 1277">
     <span class='ocr_line' id='line_1_17' title="bbox 67 1212 1111 1277; baseline 0.027 -36"><span class='ocrx_word' id='word_1_110' title='bbox 67 1212 183 1244; x_wconf 87' lang='lat' dir='ltr'>omnia</span> <span class='ocrx_word' id='word_1_111' title='bbox 200 1223 325 1256; x_wconf 83' lang='lat' dir='ltr'>magna</span> <span class='ocrx_word' id='word_1_112' title='bbox 342 1216 494 1259; x_wconf 84' lang='lat' dir='ltr'>loquens,</span> <span class='ocrx_word' id='word_1_113' title='bbox 517 1222 621 1254; x_wconf 88' lang='lat' dir='ltr'>modo</span> <span class='ocrx_word' id='word_1_114' title='bbox 643 1225 651 1239; x_wconf 85' lang='lat'>‘</span> <span class='ocrx_word' id='word_1_115' title='bbox 664 1225 705 1256; x_wconf 81' lang='lat' dir='ltr'>sit</span> <span class='ocrx_word' id='word_1_116' title='bbox 725 1228 807 1259; x_wconf 86' lang='lat' dir='ltr'>mihi</span> <span class='ocrx_word' id='word_1_117' title='bbox 827 1240 943 1263; x_wconf 72' lang='lat' dir='ltr'>mensa</span> <span class='ocrx_word' id='word_1_118' title='bbox 960 1234 1063 1277; x_wconf 81' lang='lat' dir='ltr'>tripes</span> <span class='ocrx_word' id='word_1_119' title='bbox 1080 1240 1111 1269; x_wconf 92' lang='lat' dir='ltr'>et</span> 
     </span>
    </p>

    <p class='ocr_par' dir='ltr' id='par_1_16' title="bbox 65 1264 955 1326">
     <span class='ocr_line' id='line_1_18' title="bbox 65 1264 955 1326; baseline 0.025 -32"><span class='ocrx_word' id='word_1_120' title='bbox 65 1264 196 1297; x_wconf 87' lang='lat' dir='ltr'>concha</span> <span class='ocrx_word' id='word_1_121' title='bbox 212 1267 291 1299; x_wconf 86' lang='lat' dir='ltr'>salis</span> <span class='ocrx_word' id='word_1_122' title='bbox 308 1270 383 1311; x_wconf 90' lang='lat' dir='ltr'>puri</span> <span class='ocrx_word' id='word_1_123' title='bbox 401 1276 434 1303; x_wconf 90' lang='lat' dir='ltr'>et</span> <span class='ocrx_word' id='word_1_124' title='bbox 452 1277 531 1314; x_wconf 87' lang='lat' dir='ltr'>toga</span> <span class='ocrx_word' id='word_1_125' title='bbox 547 1285 635 1317; x_wconf 88' lang='lat' dir='ltr'>quae</span> <span class='ocrx_word' id='word_1_126' title='bbox 652 1277 834 1313; x_wconf 83' lang='lat' dir='ltr'>defendere</span> <span class='ocrx_word' id='word_1_127' title='bbox 852 1282 955 1326; x_wconf 82' lang='lat' dir='ltr'>frigus</span> 
     </span>
    </p>

    <p class='ocr_par' dir='ltr' id='par_1_17' title="bbox 64 1319 987 1371">
     <span class='ocr_line' id='line_1_19' title="bbox 64 1319 987 1371; baseline 0.026 -24"><span class='ocrx_word' id='word_1_128' title='bbox 64 1319 219 1358; x_wconf 88' lang='lat' dir='ltr'>quamvis</span> <span class='ocrx_word' id='word_1_129' title='bbox 236 1331 347 1354; x_wconf 85' lang='lat' dir='ltr'>crassa</span> <span class='ocrx_word' id='word_1_130' title='bbox 363 1324 491 1365; x_wconf 88' lang='lat' dir='ltr'>queat.‘</span> <span class='ocrx_word' id='word_1_131' title='bbox 526 1326 663 1361; x_wconf 80' lang='lat' dir='ltr'>deciens</span> <span class='ocrx_word' id='word_1_132' title='bbox 680 1337 821 1365; x_wconf 83' lang='lat' dir='ltr'>centena</span> <span class='ocrx_word' id='word_1_133' title='bbox 837 1335 987 1371; x_wconf 83' lang='lat' dir='ltr'>dedisses</span> 
     </span>
    </p>

    <p class='ocr_par' dir='ltr' id='par_1_18' title="bbox 63 1368 909 1426">
     <span class='ocr_line' id='line_1_20' title="bbox 63 1368 909 1426; baseline 0.026 -26"><span class='ocrx_word' id='word_1_134' title='bbox 63 1368 143 1402; x_wconf 90' lang='lat' dir='ltr'>huic</span> <span class='ocrx_word' id='word_1_135' title='bbox 158 1382 271 1414; x_wconf 88' lang='lat' dir='ltr'>parco,</span> <span class='ocrx_word' id='word_1_136' title='bbox 294 1376 410 1417; x_wconf 82' lang='lat' dir='ltr'>paucis</span> <span class='ocrx_word' id='word_1_137' title='bbox 427 1383 601 1421; x_wconf 87' lang='lat' dir='ltr'>contento,</span> <span class='ocrx_word' id='word_1_138' title='bbox 622 1383 771 1426; x_wconf 83' lang='lat' dir='ltr'>quinque</span> <span class='ocrx_word' id='word_1_139' title='bbox 789 1387 909 1422; x_wconf 85' lang='lat' dir='ltr'>diebus</span> 
     </span>
    </p>

    <p class='ocr_par' dir='ltr' id='par_1_19' title="bbox 62 1422 918 1483">
     <span class='ocr_line' id='line_1_21' title="bbox 62 1422 918 1483; baseline 0.025 -30"><span class='ocrx_word' id='word_1_140' title='bbox 62 1422 110 1454; x_wconf 86' lang='lat' dir='ltr'>nil</span> <span class='ocrx_word' id='word_1_141' title='bbox 126 1430 196 1456; x_wconf 87' lang='lat' dir='ltr'>erat</span> <span class='ocrx_word' id='word_1_142' title='bbox 215 1426 248 1458; x_wconf 92' lang='lat' dir='ltr'>in</span> <span class='ocrx_word' id='word_1_143' title='bbox 265 1426 408 1468; x_wconf 86' lang='lat' dir='ltr'>loculis;</span> <span class='ocrx_word' id='word_1_144' title='bbox 432 1437 549 1465; x_wconf 84' lang='lat' dir='ltr'>noctes</span> <span class='ocrx_word' id='word_1_145' title='bbox 567 1435 729 1477; x_wconf 80' lang='lat' dir='ltr'>vigilabat</span> <span class='ocrx_word' id='word_1_146' title='bbox 747 1440 789 1471; x_wconf 90' lang='lat' dir='ltr'>ad</span> <span class='ocrx_word' id='word_1_147' title='bbox 807 1441 918 1483; x_wconf 76' lang='lat' dir='ltr'>ipsum</span> 
     </span>
    </p>

    <p class='ocr_par' dir='ltr' id='par_1_20' title="bbox 61 1478 949 1537">
     <span class='ocr_line' id='line_1_22' title="bbox 61 1478 949 1537; baseline 0.026 -31"><span class='ocrx_word' id='word_1_148' title='bbox 61 1484 170 1516; x_wconf 87' lang='lat' dir='ltr'>mane,</span> <span class='ocrx_word' id='word_1_149' title='bbox 191 1478 283 1511; x_wconf 87' lang='lat' dir='ltr'>diem</span> <span class='ocrx_word' id='word_1_150' title='bbox 301 1485 410 1515; x_wconf 88' lang='lat' dir='ltr'>totum</span> <span class='ocrx_word' id='word_1_151' title='bbox 428 1487 589 1519; x_wconf 84' lang='lat' dir='ltr'>stertebat</span> <span class='ocrx_word' id='word_1_152' title='bbox 609 1500 618 1528; x_wconf 78' lang='lat'><em>3</em></span> <span class='ocrx_word' id='word_1_153' title='bbox 644 1490 690 1521; x_wconf 83' lang='lat' dir='ltr'>nil</span> <span class='ocrx_word' id='word_1_154' title='bbox 709 1491 768 1523; x_wconf 83' lang='lat' dir='ltr'>suit</span> <span class='ocrx_word' id='word_1_155' title='bbox 788 1504 949 1537; x_wconf 85' lang='lat' dir='ltr'>umquam</span> 
     </span>
    </p>

    <p class='ocr_par' dir='ltr' id='par_1_21' title="bbox 60 1527 1018 1591">
     <span class='ocr_line' id='line_1_23' title="bbox 60 1527 1018 1591; baseline 0.026 -32"><span class='ocrx_word' id='word_1_156' title='bbox 60 1527 107 1560; x_wconf 87' lang='lat' dir='ltr'>sic</span> <span class='ocrx_word' id='word_1_157' title='bbox 122 1529 232 1573; x_wconf 89' lang='lat' dir='ltr'>impar</span> <span class='ocrx_word' id='word_1_158' title='bbox 249 1533 323 1567; x_wconf 86' lang='lat' dir='ltr'>sibi.</span> <span class='ocrx_word' id='word_1_159' title='bbox 376 1547 465 1569; x_wconf 90' lang='lat' dir='ltr'>nunc</span> <span class='ocrx_word' id='word_1_160' title='bbox 483 1539 608 1582; x_wconf 79' lang='lat' dir='ltr'>aliquis</span> <span class='ocrx_word' id='word_1_161' title='bbox 626 1543 716 1576; x_wconf 84' lang='lat' dir='ltr'>dieat</span> <span class='ocrx_word' id='word_1_162' title='bbox 734 1546 817 1578; x_wconf 85' lang='lat' dir='ltr'>mihi</span> <span class='ocrx_word' id='word_1_163' title='bbox 838 1549 846 1563; x_wconf 93' lang='lat'>‘</span> <span class='ocrx_word' id='word_1_164' title='bbox 858 1549 937 1591; x_wconf 83' lang='lat' dir='ltr'>quid</span> <span class='ocrx_word' id='word_1_165' title='bbox 958 1555 991 1583; x_wconf 86' lang='lat' dir='ltr'>tu</span> <span class='ocrx_word' id='word_1_166' title='bbox 1003 1553 1018 1584; x_wconf 92' lang='lat'>?</span> 
     </span>
    </p>

    <p class='ocr_par' dir='ltr' id='par_1_22' title="bbox 59 1581 1107 1639">
     <span class='ocr_line' id='line_1_24' title="bbox 59 1581 1107 1639; baseline 0.027 -27"><span class='ocrx_word' id='word_1_167' title='bbox 59 1581 196 1616; x_wconf 87' lang='lat' dir='ltr'>nullane</span> <span class='ocrx_word' id='word_1_168' title='bbox 212 1584 317 1619; x_wconf 86' lang='lat' dir='ltr'>habes</span> <span class='ocrx_word' id='word_1_169' title='bbox 334 1587 442 1622; x_wconf 86' lang='lat' dir='ltr'>vitia?</span> <span class='ocrx_word' id='word_1_170' title='bbox 454 1589 461 1603; x_wconf 74' lang='lat'><strong>⁹</strong></span> <span class='ocrx_word' id='word_1_171' title='bbox 478 1591 583 1625; x_wconf 87' lang='lat' dir='ltr'>immo</span> <span class='ocrx_word' id='word_1_172' title='bbox 601 1595 667 1628; x_wconf 87' lang='lat' dir='ltr'>alia</span> <span class='ocrx_word' id='word_1_173' title='bbox 685 1602 718 1629; x_wconf 90' lang='lat' dir='ltr'>et</span> <span class='ocrx_word' id='word_1_174' title='bbox 736 1598 875 1633; x_wconf 74' lang='lat' dir='ltr'>sortasse</span> <span class='ocrx_word' id='word_1_175' title='bbox 892 1603 1033 1639; x_wconf 85' lang='lat' dir='ltr'>minora.</span> <span class='ocrx_word' id='word_1_176' title='bbox 1071 1621 1107 1639; x_wconf 86' lang='lat'>20</span> 
     </span>
    </p>

    <p class='ocr_par' dir='ltr' id='par_1_23' title="bbox 58 1633 1057 1694">
     <span class='ocr_line' id='line_1_25' title="bbox 58 1633 1057 1694; baseline 0.026 -29"><span class='ocrx_word' id='word_1_177' title='bbox 58 1633 215 1669; x_wconf 85' lang='lat' dir='ltr'>Maenius</span> <span class='ocrx_word' id='word_1_178' title='bbox 231 1638 408 1674; x_wconf 87' lang='lat' dir='ltr'>absentem</span> <span class='ocrx_word' id='word_1_179' title='bbox 426 1643 578 1678; x_wconf 85' lang='lat' dir='ltr'>Novium</span> <span class='ocrx_word' id='word_1_180' title='bbox 596 1658 673 1680; x_wconf 89' lang='lat' dir='ltr'>cum</span> <span class='ocrx_word' id='word_1_181' title='bbox 695 1659 855 1694; x_wconf 83' lang='lat' dir='ltr'>carperet,</span> <span class='ocrx_word' id='word_1_182' title='bbox 883 1656 986 1689; x_wconf 84' lang='lat' dir='ltr'>‘heus</span> <span class='ocrx_word' id='word_1_183' title='bbox 1003 1663 1037 1692; x_wconf 87' lang='lat' dir='ltr'>tu</span> <span class='ocrx_word' id='word_1_184' title='bbox 1049 1658 1057 1673; x_wconf 96' lang='lat'>&#39;</span> 
     </span>
    </p>

    <p class='ocr_par' dir='ltr' id='par_1_24' title="bbox 56 1687 1012 1745">
     <span class='ocr_line' id='line_1_26' title="bbox 56 1687 1012 1745; baseline 0.026 -28"><span class='ocrx_word' id='word_1_185' title='bbox 56 1687 194 1728; x_wconf 87' lang='lat' dir='ltr'>quidam</span> <span class='ocrx_word' id='word_1_186' title='bbox 211 1691 268 1731; x_wconf 91' lang='lat' dir='ltr'>ait,</span> <span class='ocrx_word' id='word_1_187' title='bbox 293 1693 448 1735; x_wconf 83' lang='lat' dir='ltr'>‘ignoras</span> <span class='ocrx_word' id='word_1_188' title='bbox 465 1702 508 1736; x_wconf 89' lang='lat' dir='ltr'>te,</span> <span class='ocrx_word' id='word_1_189' title='bbox 530 1709 572 1731; x_wconf 89' lang='lat' dir='ltr'>an</span> <span class='ocrx_word' id='word_1_190' title='bbox 590 1707 625 1733; x_wconf 88' lang='lat' dir='ltr'>ut</span> <span class='ocrx_word' id='word_1_191' title='bbox 644 1702 799 1745; x_wconf 87' lang='lat' dir='ltr'>ignotum</span> <span class='ocrx_word' id='word_1_192' title='bbox 817 1707 897 1740; x_wconf 87' lang='lat' dir='ltr'>dare</span> <span class='ocrx_word' id='word_1_193' title='bbox 914 1711 1012 1743; x_wconf 84' lang='lat' dir='ltr'>nobis</span> 
     </span>
    </p>

    <p class='ocr_par' dir='ltr' id='par_1_25' title="bbox 54 1739 1049 1806">
     <span class='ocr_line' id='line_1_27' title="bbox 54 1739 1049 1806; baseline 0.027 -36"><span class='ocrx_word' id='word_1_194' title='bbox 54 1739 157 1772; x_wconf 85' lang='lat' dir='ltr'>verba</span> <span class='ocrx_word' id='word_1_195' title='bbox 172 1744 315 1785; x_wconf 87' lang='lat' dir='ltr'>putas?&#39;</span> <span class='ocrx_word' id='word_1_196' title='bbox 338 1748 346 1762; x_wconf 93' lang='lat'>‘</span> <span class='ocrx_word' id='word_1_197' title='bbox 358 1755 493 1790; x_wconf 83' lang='lat' dir='ltr'>egomet</span> <span class='ocrx_word' id='word_1_198' title='bbox 510 1752 555 1783; x_wconf 93' lang='lat' dir='ltr'>mi</span> <span class='ocrx_word' id='word_1_199' title='bbox 574 1753 713 1795; x_wconf 82' lang='lat' dir='ltr'>ignosco</span> <span class='ocrx_word' id='word_1_200' title='bbox 727 1756 734 1769; x_wconf 95' lang='lat'>’</span> <span class='ocrx_word' id='word_1_201' title='bbox 752 1759 910 1793; x_wconf 87' lang='lat' dir='ltr'>Maenius</span> <span class='ocrx_word' id='word_1_202' title='bbox 930 1763 1049 1806; x_wconf 85' lang='lat' dir='ltr'>inquit.</span> 
     </span>
    </p>

    <p class='ocr_par' dir='ltr' id='par_1_26' title="bbox 53 1792 1006 1855">
     <span class='ocr_line' id='line_1_28' title="bbox 53 1792 1006 1855; baseline 0.027 -32"><span class='ocrx_word' id='word_1_203' title='bbox 53 1792 172 1826; x_wconf 87' lang='lat' dir='ltr'>stultus</span> <span class='ocrx_word' id='word_1_204' title='bbox 187 1801 220 1828; x_wconf 89' lang='lat' dir='ltr'>et</span> <span class='ocrx_word' id='word_1_205' title='bbox 237 1796 413 1841; x_wconf 89' lang='lat' dir='ltr'>improbus</span> <span class='ocrx_word' id='word_1_206' title='bbox 429 1801 484 1835; x_wconf 89' lang='lat' dir='ltr'>hic</span> <span class='ocrx_word' id='word_1_207' title='bbox 500 1815 596 1837; x_wconf 88' lang='lat' dir='ltr'>amor</span> <span class='ocrx_word' id='word_1_208' title='bbox 612 1812 660 1839; x_wconf 76' lang='lat' dir='ltr'>est</span> <span class='ocrx_word' id='word_1_209' title='bbox 678 1809 868 1855; x_wconf 82' lang='lat' dir='ltr'>dignusque</span> <span class='ocrx_word' id='word_1_210' title='bbox 886 1817 1006 1850; x_wconf 86' lang='lat' dir='ltr'>notari.</span> 
     </span>
    </p>

    <p class='ocr_par' dir='ltr' id='par_1_27' title="bbox 53 1850 935 1909">
     <span class='ocr_line' id='line_1_29' title="bbox 53 1850 935 1909; baseline 0.028 -33"><span class='ocrx_word' id='word_1_211' title='bbox 53 1853 129 1877; x_wconf 91' lang='lat' dir='ltr'>cum</span> <span class='ocrx_word' id='word_1_212' title='bbox 147 1850 204 1880; x_wconf 84' lang='lat' dir='ltr'>tua</span> <span class='ocrx_word' id='word_1_213' title='bbox 220 1851 398 1892; x_wconf 84' lang='lat' dir='ltr'>pervideas</span> <span class='ocrx_word' id='word_1_214' title='bbox 415 1855 522 1888; x_wconf 87' lang='lat' dir='ltr'>oculis</span> <span class='ocrx_word' id='word_1_215' title='bbox 539 1858 629 1891; x_wconf 86' lang='lat' dir='ltr'>mala</span> <span class='ocrx_word' id='word_1_216' title='bbox 648 1860 762 1904; x_wconf 84' lang='lat' dir='ltr'>lippus</span> <span class='ocrx_word' id='word_1_217' title='bbox 780 1865 935 1909; x_wconf 82' lang='lat' dir='ltr'>inunctis,</span> 
     </span>
    </p>

    <p class='ocr_par' dir='ltr' id='par_1_28' title="bbox 51 1898 834 1950">
     <span class='ocr_line' id='line_1_30' title="bbox 51 1898 834 1950; baseline 0.028 -22"><span class='ocrx_word' id='word_1_218' title='bbox 51 1905 110 1928; x_wconf 85' lang='lat' dir='ltr'>cur</span> <span class='ocrx_word' id='word_1_219' title='bbox 126 1898 159 1931; x_wconf 89' lang='lat' dir='ltr'>in</span> <span class='ocrx_word' id='word_1_220' title='bbox 175 1902 362 1937; x_wconf 84' lang='lat' dir='ltr'>amicorum</span> <span class='ocrx_word' id='word_1_221' title='bbox 380 1907 469 1940; x_wconf 80' lang='lat' dir='ltr'>vitiis</span> <span class='ocrx_word' id='word_1_222' title='bbox 486 1913 554 1941; x_wconf 84' lang='lat' dir='ltr'>tam</span> <span class='ocrx_word' id='word_1_223' title='bbox 573 1914 682 1945; x_wconf 79' lang='lat' dir='ltr'>cernis</span> <span class='ocrx_word' id='word_1_224' title='bbox 699 1922 834 1950; x_wconf 87' lang='lat' dir='ltr'>acutum</span> 
     </span>
    </p>

    <p class='ocr_par' dir='ltr' id='par_1_29' title="bbox 51 1957 1095 2012">
     <span class='ocr_line' id='line_1_31' title="bbox 51 1957 1095 2012; baseline 0.03 -30"><span class='ocrx_word' id='word_1_225' title='bbox 51 1957 152 1991; x_wconf 85' lang='lat' dir='ltr'>quam</span> <span class='ocrx_word' id='word_1_226' title='bbox 170 1959 226 1987; x_wconf 87' lang='lat' dir='ltr'>aut</span> <span class='ocrx_word' id='word_1_227' title='bbox 245 1958 358 2000; x_wconf 88' lang='lat' dir='ltr'>aquila</span> <span class='ocrx_word' id='word_1_228' title='bbox 372 1965 428 1993; x_wconf 83' lang='lat' dir='ltr'>aut</span> <span class='ocrx_word' id='word_1_229' title='bbox 447 1972 584 2005; x_wconf 82' lang='lat' dir='ltr'>serpens</span> <span class='ocrx_word' id='word_1_230' title='bbox 603 1965 834 2008; x_wconf 79' lang='lat' dir='ltr'>Epidaurius?</span> <span class='ocrx_word' id='word_1_231' title='bbox 857 1979 889 2005; x_wconf 85' lang='lat' dir='ltr'>at</span> <span class='ocrx_word' id='word_1_232' title='bbox 905 1975 964 2008; x_wconf 86' lang='lat' dir='ltr'>tibi</span> <span class='ocrx_word' id='word_1_233' title='bbox 980 1986 1095 2012; x_wconf 72' lang='lat' dir='ltr'>eontra</span> 
     </span>
    </p>
   </div>
  </div>
 </body>
</html>
