1410 2283
272 127 312 165 36
561 124 596 162 Q.
629 122 760 153 ΗΘΚΛ
770 122 800 152 T
798 122 820 153 I
843 121 932 152 FLA
938 122 1014 154 CCI
1170 120 1296 163 [xxxv.

405 199 489 232 eheu
507 198 698 231 cicatricum
714 202 747 230 et
763 196 896 230 sceleris
911 196 1016 240 pudet

405 251 620 293 fratrumque.
671 249 752 292 quid
770 260 831 281 nos
846 249 930 281 dura
946 247 1127 292 refugimus

448 304 566 336 aetas?
588 301 669 345 quid
687 303 848 334 intactum
865 300 985 334 nesssti

493 355 676 398 liquimus?
699 354 787 386 unde
804 354 942 386 m'anum
960 352 1115 386 iuventus

407 490 496 516 metu
513 483 652 515 deorum
670 481 863 514 continuit?
885 480 1008 524 quibus

405 536 554 579 pepercit
572 535 661 567 aris?
682 545 703 566 o
721 534 847 566 utinam
865 544 953 566 nova

450 587 569 620 incude
585 586 740 629 diffingas
758 592 905 618 retusum
922 586 957 617 in

494 640 702 681 Massagetas
720 637 919 680 Arabasque
935 636 1057 670 serrum
1075 639 1083 670 Ξ
1271 653 1306 676 4ο

275 892 445 925 XXXVI.
588 892 619 924 T
636 895 708 923 ture
724 895 756 923 et
774 891 894 923 fidibus
911 891 1001 924 iuvat

610 943 742 986 placare
759 949 791 975 et
808 943 903 976 vituli
920 943 1081 985 sanguine
1097 941 1215 976 debito

497 996 651 1028 custodes
670 995 839 1027 Numidae
854 995 946 1035 deos,

455 1048 512 1090 qui
529 1058 617 1080 nunc
636 1048 803 1090 Hesperia
819 1058 934 1090 sospes
950 1047 994 1079 ab
1010 1046 1129 1080 ultima

498 1177 584 1209 caris
602 1176 706 1208 multa
723 1175 904 1214 sodalibus,

453 1229 535 1261 nulli
553 1228 648 1270 plura
663 1233 776 1260 tamen
792 1227 912 1259 dividit
928 1226 1043 1260 oscula

496 1291 598 1323 quam
615 1280 705 1311 dulci
724 1279 872 1318 Lamiae,
891 1289 1022 1312 memor

454 1338 548 1365 actae
566 1343 632 1364 non
650 1331 717 1363 alio
733 1341 810 1373 rege
826 1331 976 1374 puertiae

499 1465 713 1502 mutataeque
728 1457 827 1491 simul
844 1463 953 1501 togae.

458 1512 578 1544 Cressa
594 1522 637 1544 ne
653 1517 762 1544 careat
779 1510 921 1553 pulchra
935 1510 1006 1543 dies
1021 1515 1113 1552 nota,
1274 1526 1308 1545 ιο

498 1575 563 1596 neu
578 1570 753 1606 promptae
768 1563 888 1594 modus
904 1562 1088 1605 amphorae

453 1626 518 1648 neu
534 1626 662 1648 morem
680 1616 713 1647 in
731 1614 860 1647 Salium
876 1615 919 1647 sit
935 1615 1066 1658 requies
1081 1614 1218 1658 pedum,

498 1753 564 1775 neu
582 1742 678 1775 multi
697 1741 852 1774 Damalis
867 1741 950 1774 meri

455 1794 596 1826 Bassum
611 1794 768 1826 Threicia
783 1793 896 1825 vincat
911 1792 1087 1835 amystide,

497 1857 563 1878 neu
579 1846 688 1878 desint
704 1845 811 1887 epulis
828 1855 924 1878 rosae

453 1908 520 1930 neu
535 1897 632 1929 vivax
649 1897 763 1940 apium
779 1907 845 1930 neu
860 1897 961 1930 breve
977 1896 1095 1930 lilium.
