<?xml version="1.0" encoding="UTF-8"?>
<!DOCTYPE html PUBLIC "-//W3C//DTD XHTML 1.0 Transitional//EN"
    "http://www.w3.org/TR/xhtml1/DTD/xhtml1-transitional.dtd">
<html xmlns="http://www.w3.org/1999/xhtml" xml:lang="en" lang="en">
 <head>
  <title>
</title>
<meta http-equiv="Content-Type" content="text/html;charset=utf-8" />
  <meta name='ocr-system' content='tesseract 3.04.00' />
  <meta name='ocr-capabilities' content='ocr_page ocr_carea ocr_par ocr_line ocrx_word'/>
</head>
<body>
  <div class='ocr_page' id='page_1' title='image "./operacornish00horauoft_0102.png"; bbox 0 0 1410 2283; ppageno 0'>
   <div class='ocr_carea' id='block_1_1' title="bbox 242 159 282 188">
    <p class='ocr_par' dir='ltr' id='par_1_1' title="bbox 242 159 282 188">
     <span class='ocr_line' id='line_1_1' title="bbox 242 159 282 188; baseline -0.025 0"><span class='ocrx_word' id='word_1_1' title='bbox 242 159 282 188; x_wconf 90' lang='lat'>86</span> 
     </span>
    </p>
   </div>
   <div class='ocr_carea' id='block_1_2' title="bbox 532 153 1260 196">
    <p class='ocr_par' dir='ltr' id='par_1_2' title="bbox 532 153 1260 196">
     <span class='ocr_line' id='line_1_2' title="bbox 532 153 1260 196; baseline -0.003 -10"><span class='ocrx_word' id='word_1_2' title='bbox 532 157 568 196; x_wconf 87' lang='lat' dir='ltr'>Q.</span> <span class='ocrx_word' id='word_1_3' title='bbox 601 156 732 187; x_wconf 86' lang='lat' dir='ltr'><em>HORA</em></span> <span class='ocrx_word' id='word_1_4' title='bbox 741 156 791 186; x_wconf 88' lang='lat' dir='ltr'>TI</span> <span class='ocrx_word' id='word_1_5' title='bbox 814 155 986 187; x_wconf 82' lang='lat' dir='ltr'><em>FLACCI</em></span> <span class='ocrx_word' id='word_1_6' title='bbox 1173 153 1260 195; x_wconf 83' lang='lat' dir='ltr'>[XV1.</span> 
     </span>
    </p>
   </div>
   <div class='ocr_carea' id='block_1_3' title="bbox 372 228 1067 427">
    <p class='ocr_par' dir='ltr' id='par_1_3' title="bbox 372 228 955 269">
     <span class='ocr_line' id='line_1_3' title="bbox 372 228 955 269; baseline -0.002 -8"><span class='ocrx_word' id='word_1_7' title='bbox 372 229 522 262; x_wconf 87' lang='lat' dir='ltr'>demersa</span> <span class='ocrx_word' id='word_1_8' title='bbox 537 229 638 262; x_wconf 89' lang='lat' dir='ltr'>exitio</span> <span class='ocrx_word' id='word_1_9' title='bbox 654 239 664 269; x_wconf 88' lang='lat'><strong>;</strong></span> <span class='ocrx_word' id='word_1_10' title='bbox 687 229 808 261; x_wconf 89' lang='lat' dir='ltr'>diffidit</span> <span class='ocrx_word' id='word_1_11' title='bbox 823 228 955 261; x_wconf 85' lang='lat' dir='ltr'>urbium</span> 
     </span>
    </p>

    <p class='ocr_par' dir='ltr' id='par_1_4' title="bbox 372 279 1067 324">
     <span class='ocr_line' id='line_1_4' title="bbox 372 279 1067 324; baseline 0 -11"><span class='ocrx_word' id='word_1_12' title='bbox 372 287 484 324; x_wconf 87' lang='lat' dir='ltr'>portas</span> <span class='ocrx_word' id='word_1_13' title='bbox 500 282 550 313; x_wconf 86' lang='lat' dir='ltr'>vir</span> <span class='ocrx_word' id='word_1_14' title='bbox 568 281 711 314; x_wconf 84' lang='lat' dir='ltr'><strong>Macedo</strong></span> <span class='ocrx_word' id='word_1_15' title='bbox 727 286 760 314; x_wconf 90' lang='lat' dir='ltr'>et</span> <span class='ocrx_word' id='word_1_16' title='bbox 776 281 903 313; x_wconf 82' lang='lat' dir='ltr'>subruit</span> <span class='ocrx_word' id='word_1_17' title='bbox 918 279 1067 313; x_wconf 86' lang='lat' dir='ltr'>aemulos</span> 
     </span>
    </p>

    <p class='ocr_par' dir='ltr' id='par_1_5' title="bbox 373 333 1013 427">
     <span class='ocr_line' id='line_1_5' title="bbox 373 333 1013 376; baseline -0.003 -10"><span class='ocrx_word' id='word_1_18' title='bbox 373 344 467 376; x_wconf 86' lang='lat' dir='ltr'>reges</span> <span class='ocrx_word' id='word_1_19' title='bbox 483 334 676 365; x_wconf 84' lang='lat' dir='ltr'>muneribus</span> <span class='ocrx_word' id='word_1_20' title='bbox 690 344 699 372; x_wconf 87' lang='lat'>;</span> <span class='ocrx_word' id='word_1_21' title='bbox 722 343 861 365; x_wconf 87' lang='lat' dir='ltr'>munera</span> <span class='ocrx_word' id='word_1_22' title='bbox 876 333 1013 365; x_wconf 89' lang='lat' dir='ltr'>navium</span> 
     </span>
     <span class='ocr_line' id='line_1_6' title="bbox 461 384 902 427; baseline -0.002 -10"><span class='ocrx_word' id='word_1_23' title='bbox 461 395 577 417; x_wconf 83' lang='lat' dir='ltr'>saevos</span> <span class='ocrx_word' id='word_1_24' title='bbox 593 384 775 427; x_wconf 85' lang='lat' dir='ltr'>illaqueant</span> <span class='ocrx_word' id='word_1_25' title='bbox 790 385 902 416; x_wconf 81' lang='lat' dir='ltr'>duces.</span> 
     </span>
    </p>
   </div>
   <div class='ocr_carea' id='block_1_4' title="bbox 373 485 1268 684">
    <p class='ocr_par' dir='ltr' id='par_1_6' title="bbox 373 485 1039 632">
     <span class='ocr_line' id='line_1_7' title="bbox 375 485 1028 529; baseline -0.002 -10"><span class='ocrx_word' id='word_1_26' title='bbox 375 492 577 520; x_wconf 84' lang='lat' dir='ltr'><strong>crescentem</strong></span> <span class='ocrx_word' id='word_1_27' title='bbox 594 487 742 529; x_wconf 86' lang='lat' dir='ltr'>sequitur</span> <span class='ocrx_word' id='word_1_28' title='bbox 757 497 835 519; x_wconf 83' lang='lat' dir='ltr'>cura</span> <span class='ocrx_word' id='word_1_29' title='bbox 851 485 1028 529; x_wconf 87' lang='lat' dir='ltr'>pecuniam</span> 
     </span>
     <span class='ocr_line' id='line_1_8' title="bbox 373 537 1039 581; baseline -0.002 -10"><span class='ocrx_word' id='word_1_30' title='bbox 373 539 602 581; x_wconf 84' lang='lat' dir='ltr'>maiorumque</span> <span class='ocrx_word' id='word_1_31' title='bbox 619 539 733 571; x_wconf 82' lang='lat' dir='ltr'>sames.</span> <span class='ocrx_word' id='word_1_32' title='bbox 781 539 850 570; x_wconf 88' lang='lat' dir='ltr'>iure</span> <span class='ocrx_word' id='word_1_33' title='bbox 866 537 1039 580; x_wconf 88' lang='lat' dir='ltr'>perhorrui</span> 
     </span>
     <span class='ocr_line' id='line_1_9' title="bbox 374 590 980 632; baseline -0.002 -9"><span class='ocrx_word' id='word_1_34' title='bbox 374 591 440 623; x_wconf 88' lang='lat' dir='ltr'>late</span> <span class='ocrx_word' id='word_1_35' title='bbox 457 591 673 632; x_wconf 86' lang='lat' dir='ltr'>conspicuum</span> <span class='ocrx_word' id='word_1_36' title='bbox 691 590 806 622; x_wconf 88' lang='lat' dir='ltr'>tollere</span> <span class='ocrx_word' id='word_1_37' title='bbox 822 590 980 622; x_wconf 84' lang='lat' dir='ltr'>verticem</span> 
     </span>
    </p>

    <p class='ocr_par' dir='ltr' id='par_1_7' title="bbox 462 642 1268 684">
     <span class='ocr_line' id='line_1_10' title="bbox 462 642 1268 684; baseline -0.004 -10"><span class='ocrx_word' id='word_1_38' title='bbox 462 643 651 681; x_wconf 80' lang='lat' dir='ltr'>Maecenas,</span> <span class='ocrx_word' id='word_1_39' title='bbox 665 642 815 684; x_wconf 88' lang='lat' dir='ltr'>equitum</span> <span class='ocrx_word' id='word_1_40' title='bbox 829 642 940 674; x_wconf 87' lang='lat' dir='ltr'>decus.</span> <span class='ocrx_word' id='word_1_41' title='bbox 1233 655 1268 671; x_wconf 88' lang='lat'>20</span> 
     </span>
    </p>
   </div>
   <div class='ocr_carea' id='block_1_5' title="bbox 374 742 1088 940">
    <p class='ocr_par' dir='ltr' id='par_1_8' title="bbox 376 742 1042 786">
     <span class='ocr_line' id='line_1_11' title="bbox 376 742 1042 786; baseline -0.002 -11"><span class='ocrx_word' id='word_1_42' title='bbox 376 748 500 786; x_wconf 90' lang='lat' dir='ltr'>quanto</span> <span class='ocrx_word' id='word_1_43' title='bbox 517 743 655 786; x_wconf 85' lang='lat' dir='ltr'>quisque</span> <span class='ocrx_word' id='word_1_44' title='bbox 671 743 734 775; x_wconf 90' lang='lat' dir='ltr'>sibi</span> <span class='ocrx_word' id='word_1_45' title='bbox 750 743 847 785; x_wconf 87' lang='lat' dir='ltr'>plura</span> <span class='ocrx_word' id='word_1_46' title='bbox 862 742 1042 785; x_wconf 85' lang='lat' dir='ltr'><strong>negaverit,</strong></span> 
     </span>
    </p>

    <p class='ocr_par' dir='ltr' id='par_1_9' title="bbox 375 795 1016 838">
     <span class='ocr_line' id='line_1_12' title="bbox 375 795 1016 838; baseline -0.002 -11"><span class='ocrx_word' id='word_1_47' title='bbox 375 796 419 827; x_wconf 92' lang='lat' dir='ltr'>ab</span> <span class='ocrx_word' id='word_1_48' title='bbox 436 796 487 828; x_wconf 85' lang='lat' dir='ltr'>dis</span> <span class='ocrx_word' id='word_1_49' title='bbox 504 795 600 838; x_wconf 88' lang='lat' dir='ltr'>plura</span> <span class='ocrx_word' id='word_1_50' title='bbox 617 795 698 827; x_wconf 79' lang='lat' dir='ltr'>seret</span> <span class='ocrx_word' id='word_1_51' title='bbox 715 807 722 827; x_wconf 93' lang='lat'><strong>:</strong></span> <span class='ocrx_word' id='word_1_52' title='bbox 746 795 794 827; x_wconf 91' lang='lat' dir='ltr'>nil</span> <span class='ocrx_word' id='word_1_53' title='bbox 811 795 1016 837; x_wconf 85' lang='lat' dir='ltr'>cupientium</span> 
     </span>
    </p>

    <p class='ocr_par' dir='ltr' id='par_1_10' title="bbox 374 846 1088 940">
     <span class='ocr_line' id='line_1_13' title="bbox 374 846 1088 888; baseline 0 -10"><span class='ocrx_word' id='word_1_54' title='bbox 374 847 482 878; x_wconf 89' lang='lat' dir='ltr'>nudus</span> <span class='ocrx_word' id='word_1_55' title='bbox 499 852 605 878; x_wconf 84' lang='lat' dir='ltr'>castra</span> <span class='ocrx_word' id='word_1_56' title='bbox 621 851 699 888; x_wconf 90' lang='lat' dir='ltr'>peto</span> <span class='ocrx_word' id='word_1_57' title='bbox 715 851 748 878; x_wconf 89' lang='lat' dir='ltr'>et</span> <span class='ocrx_word' id='word_1_58' title='bbox 764 846 932 888; x_wconf 84' lang='lat' dir='ltr'>transfuga</span> <span class='ocrx_word' id='word_1_59' title='bbox 947 846 1088 878; x_wconf 86' lang='lat' dir='ltr'>divitum</span> 
     </span>
     <span class='ocr_line' id='line_1_14' title="bbox 462 898 873 940; baseline -0.002 -10"><span class='ocrx_word' id='word_1_60' title='bbox 462 904 573 940; x_wconf 83' lang='lat' dir='ltr'>partes</span> <span class='ocrx_word' id='word_1_61' title='bbox 590 899 739 940; x_wconf 86' lang='lat' dir='ltr'>linquere</span> <span class='ocrx_word' id='word_1_62' title='bbox 755 898 873 940; x_wconf 88' lang='lat' dir='ltr'>gestio,</span> 
     </span>
    </p>
   </div>
   <div class='ocr_carea' id='block_1_6' title="bbox 374 990 1084 1188">
    <p class='ocr_par' dir='ltr' id='par_1_11' title="bbox 376 990 1045 1034">
     <span class='ocr_line' id='line_1_15' title="bbox 376 990 1045 1034; baseline -0.001 -11"><span class='ocrx_word' id='word_1_63' title='bbox 376 995 590 1034; x_wconf 82' lang='lat' dir='ltr'>contemptae</span> <span class='ocrx_word' id='word_1_64' title='bbox 605 991 760 1023; x_wconf 84' lang='lat' dir='ltr'>dominus</span> <span class='ocrx_word' id='word_1_65' title='bbox 777 991 983 1033; x_wconf 85' lang='lat' dir='ltr'>splendidior</span> <span class='ocrx_word' id='word_1_66' title='bbox 998 990 1045 1023; x_wconf 88' lang='lat' dir='ltr'>rei</span> 
     </span>
    </p>

    <p class='ocr_par' dir='ltr' id='par_1_12' title="bbox 374 1041 1084 1085">
     <span class='ocr_line' id='line_1_16' title="bbox 374 1041 1084 1085; baseline 0 -11"><span class='ocrx_word' id='word_1_67' title='bbox 374 1053 475 1085; x_wconf 87' lang='lat' dir='ltr'>quam</span> <span class='ocrx_word' id='word_1_68' title='bbox 492 1044 518 1074; x_wconf 92' lang='lat' dir='ltr'>si</span> <span class='ocrx_word' id='word_1_69' title='bbox 533 1043 692 1085; x_wconf 91' lang='lat' dir='ltr'>quicquid</span> <span class='ocrx_word' id='word_1_70' title='bbox 708 1047 778 1075; x_wconf 89' lang='lat' dir='ltr'>arat</span> <span class='ocrx_word' id='word_1_71' title='bbox 795 1043 937 1084; x_wconf 89' lang='lat' dir='ltr'>impiger</span> <span class='ocrx_word' id='word_1_72' title='bbox 951 1041 1084 1085; x_wconf 90' lang='lat' dir='ltr'>Apulus</span> 
     </span>
    </p>

    <p class='ocr_par' dir='ltr' id='par_1_13' title="bbox 377 1094 960 1188">
     <span class='ocr_line' id='line_1_17' title="bbox 377 1094 960 1133; baseline -0.003 -6"><span class='ocrx_word' id='word_1_73' title='bbox 377 1094 544 1127; x_wconf 87' lang='lat' dir='ltr'>occultare</span> <span class='ocrx_word' id='word_1_74' title='bbox 560 1095 642 1126; x_wconf 87' lang='lat' dir='ltr'>meis</span> <span class='ocrx_word' id='word_1_75' title='bbox 659 1095 785 1127; x_wconf 87' lang='lat' dir='ltr'>dicerer</span> <span class='ocrx_word' id='word_1_76' title='bbox 799 1094 936 1133; x_wconf 89' lang='lat' dir='ltr'>horreis,</span> <span class='ocrx_word' id='word_1_77' title='bbox 957 1109 960 1111; x_wconf 94' lang='lat'>·</span> 
     </span>
     <span class='ocr_line' id='line_1_18' title="bbox 461 1146 921 1188; baseline -0.002 -10"><span class='ocrx_word' id='word_1_78' title='bbox 461 1157 600 1187; x_wconf 86' lang='lat' dir='ltr'>magnas</span> <span class='ocrx_word' id='word_1_79' title='bbox 617 1146 702 1178; x_wconf 88' lang='lat' dir='ltr'>inter</span> <span class='ocrx_word' id='word_1_80' title='bbox 717 1156 798 1188; x_wconf 88' lang='lat' dir='ltr'>opes</span> <span class='ocrx_word' id='word_1_81' title='bbox 813 1146 921 1187; x_wconf 86' lang='lat' dir='ltr'>inops.</span> 
     </span>
    </p>
   </div>
   <div class='ocr_carea' id='block_1_7' title="bbox 374 1256 1268 1443">
    <p class='ocr_par' dir='ltr' id='par_1_14' title="bbox 374 1256 1268 1402">
     <span class='ocr_line' id='line_1_19' title="bbox 374 1256 1031 1300; baseline -0.002 -11"><span class='ocrx_word' id='word_1_82' title='bbox 374 1268 476 1300; x_wconf 87' lang='lat' dir='ltr'>purae</span> <span class='ocrx_word' id='word_1_83' title='bbox 489 1258 578 1289; x_wconf 84' lang='lat' dir='ltr'>rivus</span> <span class='ocrx_word' id='word_1_84' title='bbox 595 1267 701 1300; x_wconf 89' lang='lat' dir='ltr'>aquae</span> <span class='ocrx_word' id='word_1_85' title='bbox 717 1256 865 1299; x_wconf 88' lang='lat' dir='ltr'>silvaque</span> <span class='ocrx_word' id='word_1_86' title='bbox 881 1256 1031 1299; x_wconf 85' lang='lat' dir='ltr'>iugerum</span> 
     </span>
     <span class='ocr_line' id='line_1_20' title="bbox 374 1308 1268 1351; baseline 0 -10"><span class='ocrx_word' id='word_1_87' title='bbox 374 1320 556 1351; x_wconf 86' lang='lat' dir='ltr'>paucorum</span> <span class='ocrx_word' id='word_1_88' title='bbox 572 1314 605 1341; x_wconf 89' lang='lat' dir='ltr'>et</span> <span class='ocrx_word' id='word_1_89' title='bbox 621 1309 743 1350; x_wconf 86' lang='lat' dir='ltr'>segetis</span> <span class='ocrx_word' id='word_1_90' title='bbox 759 1314 846 1341; x_wconf 88' lang='lat' dir='ltr'>certa</span> <span class='ocrx_word' id='word_1_91' title='bbox 865 1308 947 1341; x_wconf 88' lang='lat' dir='ltr'>fides</span> <span class='ocrx_word' id='word_1_92' title='bbox 963 1319 1058 1342; x_wconf 89' lang='lat' dir='ltr'>meae</span> <span class='ocrx_word' id='word_1_93' title='bbox 1232 1323 1268 1349; x_wconf 85' lang='lat'>30</span> 
     </span>
     <span class='ocr_line' id='line_1_21' title="bbox 374 1359 1003 1402; baseline 0 -10"><span class='ocrx_word' id='word_1_94' title='bbox 374 1360 557 1402; x_wconf 81' lang='lat' dir='ltr'>fulgentem</span> <span class='ocrx_word' id='word_1_95' title='bbox 574 1359 717 1401; x_wconf 88' lang='lat' dir='ltr'>imperio</span> <span class='ocrx_word' id='word_1_96' title='bbox 734 1359 850 1391; x_wconf 83' lang='lat' dir='ltr'>fertilis</span> <span class='ocrx_word' id='word_1_97' title='bbox 867 1359 1003 1392; x_wconf 85' lang='lat' dir='ltr'>Africae</span> 
     </span>
    </p>

    <p class='ocr_par' dir='ltr' id='par_1_15' title="bbox 460 1411 804 1443">
     <span class='ocr_line' id='line_1_22' title="bbox 460 1411 804 1443; baseline -0.003 0"><span class='ocrx_word' id='word_1_98' title='bbox 460 1411 545 1443; x_wconf 87' lang='lat' dir='ltr'>fallit</span> <span class='ocrx_word' id='word_1_99' title='bbox 563 1416 649 1443; x_wconf 89' lang='lat' dir='ltr'>sorte</span> <span class='ocrx_word' id='word_1_100' title='bbox 664 1411 804 1443; x_wconf 85' lang='lat' dir='ltr'>beatior.</span> 
     </span>
    </p>
   </div>
   <div class='ocr_carea' id='block_1_8' title="bbox 373 1512 1174 1708">
    <p class='ocr_par' dir='ltr' id='par_1_16' title="bbox 374 1512 1174 1557">
     <span class='ocr_line' id='line_1_23' title="bbox 374 1512 1174 1557; baseline 0.003 -13"><span class='ocrx_word' id='word_1_101' title='bbox 374 1524 576 1556; x_wconf 84' lang='lat' dir='ltr'>quamquam</span> <span class='ocrx_word' id='word_1_102' title='bbox 591 1523 653 1545; x_wconf 86' lang='lat' dir='ltr'>nec</span> <span class='ocrx_word' id='word_1_103' title='bbox 670 1513 833 1545; x_wconf 88' lang='lat' dir='ltr'>Calabrae</span> <span class='ocrx_word' id='word_1_104' title='bbox 849 1512 950 1545; x_wconf 90' lang='lat' dir='ltr'>mella</span> <span class='ocrx_word' id='word_1_105' title='bbox 964 1512 1073 1546; x_wconf 84' lang='lat' dir='ltr'>serunt</span> <span class='ocrx_word' id='word_1_106' title='bbox 1082 1522 1174 1557; x_wconf 85' lang='lat' dir='ltr'>apes,</span> 
     </span>
    </p>

    <p class='ocr_par' dir='ltr' id='par_1_17' title="bbox 374 1564 1091 1607">
     <span class='ocr_line' id='line_1_24' title="bbox 374 1564 1091 1607; baseline 0.003 -11"><span class='ocrx_word' id='word_1_107' title='bbox 374 1575 435 1597; x_wconf 90' lang='lat' dir='ltr'>nec</span> <span class='ocrx_word' id='word_1_108' title='bbox 453 1565 692 1606; x_wconf 87' lang='lat' dir='ltr'>Laestrygonia</span> <span class='ocrx_word' id='word_1_109' title='bbox 709 1564 861 1597; x_wconf 87' lang='lat' dir='ltr'>Bacchus</span> <span class='ocrx_word' id='word_1_110' title='bbox 877 1565 912 1596; x_wconf 91' lang='lat' dir='ltr'>in</span> <span class='ocrx_word' id='word_1_111' title='bbox 928 1565 1091 1607; x_wconf 83' lang='lat' dir='ltr'>amphora</span> 
     </span>
    </p>

    <p class='ocr_par' dir='ltr' id='par_1_18' title="bbox 373 1616 1063 1708">
     <span class='ocr_line' id='line_1_25' title="bbox 373 1616 1063 1659; baseline 0.001 -11"><span class='ocrx_word' id='word_1_112' title='bbox 373 1617 557 1659; x_wconf 84' lang='lat' dir='ltr'>languescit</span> <span class='ocrx_word' id='word_1_113' title='bbox 574 1617 666 1655; x_wconf 86' lang='lat' dir='ltr'>mihi,</span> <span class='ocrx_word' id='word_1_114' title='bbox 687 1627 750 1648; x_wconf 90' lang='lat' dir='ltr'>nec</span> <span class='ocrx_word' id='word_1_115' title='bbox 766 1616 905 1658; x_wconf 89' lang='lat' dir='ltr'>pinguia</span> <span class='ocrx_word' id='word_1_116' title='bbox 922 1616 1063 1650; x_wconf 88' lang='lat' dir='ltr'>Gallicis</span> 
     </span>
     <span class='ocr_line' id='line_1_26' title="bbox 459 1666 901 1708; baseline -0.002 -10"><span class='ocrx_word' id='word_1_117' title='bbox 459 1671 609 1698; x_wconf 84' lang='lat' dir='ltr'>creseunt</span> <span class='ocrx_word' id='word_1_118' title='bbox 620 1666 744 1698; x_wconf 82' lang='lat' dir='ltr'>vellera</span> <span class='ocrx_word' id='word_1_119' title='bbox 759 1666 901 1708; x_wconf 87' lang='lat' dir='ltr'>pascuis,</span> 
     </span>
    </p>
   </div>
   <div class='ocr_carea' id='block_1_9' title="bbox 371 1766 1264 1964">
    <p class='ocr_par' dir='ltr' id='par_1_19' title="bbox 371 1766 1264 1964">
     <span class='ocr_line' id='line_1_27' title="bbox 373 1766 1001 1810; baseline 0 -11"><span class='ocrx_word' id='word_1_120' title='bbox 373 1768 562 1810; x_wconf 82' lang='lat' dir='ltr'>importuna</span> <span class='ocrx_word' id='word_1_121' title='bbox 578 1772 689 1799; x_wconf 88' lang='lat' dir='ltr'>tamen</span> <span class='ocrx_word' id='word_1_122' title='bbox 705 1766 882 1809; x_wconf 86' lang='lat' dir='ltr'>pauperies</span> <span class='ocrx_word' id='word_1_123' title='bbox 898 1767 1001 1807; x_wconf 83' lang='lat' dir='ltr'>abest,</span> 
     </span>
     <span class='ocr_line' id='line_1_28' title="bbox 371 1819 1050 1861; baseline 0 -11"><span class='ocrx_word' id='word_1_124' title='bbox 371 1829 442 1858; x_wconf 92' lang='lat' dir='ltr'>nec,</span> <span class='ocrx_word' id='word_1_125' title='bbox 462 1820 489 1851; x_wconf 89' lang='lat' dir='ltr'>si</span> <span class='ocrx_word' id='word_1_126' title='bbox 506 1819 602 1861; x_wconf 87' lang='lat' dir='ltr'>plura</span> <span class='ocrx_word' id='word_1_127' title='bbox 617 1819 728 1858; x_wconf 86' lang='lat' dir='ltr'>velim,</span> <span class='ocrx_word' id='word_1_128' title='bbox 748 1823 784 1850; x_wconf 88' lang='lat' dir='ltr'>tu</span> <span class='ocrx_word' id='word_1_129' title='bbox 801 1819 882 1851; x_wconf 89' lang='lat' dir='ltr'>dare</span> <span class='ocrx_word' id='word_1_130' title='bbox 896 1819 1050 1861; x_wconf 87' lang='lat' dir='ltr'>deneges.</span> 
     </span>
     <span class='ocr_line' id='line_1_29' title="bbox 372 1870 968 1913; baseline 0.002 -11"><span class='ocrx_word' id='word_1_131' title='bbox 372 1876 541 1902; x_wconf 85' lang='lat' dir='ltr'>contracto</span> <span class='ocrx_word' id='word_1_132' title='bbox 557 1871 676 1903; x_wconf 86' lang='lat' dir='ltr'>melius</span> <span class='ocrx_word' id='word_1_133' title='bbox 692 1881 795 1912; x_wconf 87' lang='lat' dir='ltr'>parva</span> <span class='ocrx_word' id='word_1_134' title='bbox 811 1870 968 1913; x_wconf 89' lang='lat' dir='ltr'>cupidine</span> 
     </span>
     <span class='ocr_line' id='line_1_30' title="bbox 457 1922 1264 1964; baseline 0.002 -11"><span class='ocrx_word' id='word_1_135' title='bbox 457 1922 633 1964; x_wconf 85' lang='lat' dir='ltr'>vectigalia</span> <span class='ocrx_word' id='word_1_136' title='bbox 649 1922 819 1964; x_wconf 82' lang='lat' dir='ltr'>porrigam</span> <span class='ocrx_word' id='word_1_137' title='bbox 1227 1936 1264 1962; x_wconf 82' lang='lat'>40</span> 
     </span>
    </p>
   </div>
   <div class='ocr_carea' id='block_1_10' title="bbox 1306 0 1410 2283">
    <p class='ocr_par' dir='ltr' id='par_1_20' title="bbox 1306 0 1410 2283">
     <span class='ocr_line' id='line_1_31' title="bbox 1306 0 1410 2283; baseline 0 0"><span class='ocrx_word' id='word_1_138' title='bbox 1306 0 1410 2283; x_wconf 95' lang='lat' dir='ltr'> </span> 
     </span>
    </p>
   </div>
  </div>
 </body>
</html>
