1410 2283
289 143 347 181 198
567 144 603 181 Q.
635 144 825 175 HORATI
847 146 1018 178 FLACCI
1247 149 1298 190 [Π.

288 220 428 258 occupat
445 215 624 248 humanam
640 229 648 248 τ
670 218 813 259 grandes
829 219 959 252 rhombi
973 221 1172 264 patinaeque

287 268 412 308 grande
429 267 535 299 ferunt
553 279 618 300 una
635 280 709 301 cum
727 270 850 302 damno
867 271 1011 304 dedecus
1026 285 1034 305 ε
1055 274 1143 307 adde

286 319 405 350 iratum
422 324 587 360 patruum,
609 321 744 360 vicinos,
765 327 797 354 te
813 323 872 354 tibi
890 322 1041 365 iniquum

285 376 317 403 et
335 371 453 403 frustra
469 373 584 404 mortis
599 373 766 415 cupidum,
786 384 862 406 cum
878 375 983 407 deerit
998 376 1108 418 egenti

286 433 332 461 as,
353 423 463 465 laquei
479 424 632 465 pretium.
685 426 694 440 ‘
708 425 776 458 iure
790 424 798 439 '
815 426 922 468 inquit
942 427 1120 461 ‘Trausius
1135 429 1206 461 istis

287 474 434 517 iurgatur
450 476 558 507 verbis
575 489 581 508 :
606 487 669 518 ego
685 477 861 519 vectigalia
876 489 997 521 magna
1255 496 1306 513 100

287 527 486 569 divitiasque
500 527 608 559 habeo
625 529 728 560 tribus
743 529 873 571 amplas
889 529 1044 572 regibus.’
1087 541 1168 574 ergo

287 578 377 619 quod
394 583 536 620 superat,
556 590 623 611 non
639 585 687 611 est
705 580 822 612 melius
838 591 905 623 quo
921 582 1084 615 insumere
1100 583 1231 625 possis?

286 640 344 661 cur
359 635 433 671 eget
450 631 604 672 indignus
619 631 792 673 quisquam
810 637 842 665 te
857 632 960 665 divite
970 635 986 665 ?
1006 644 1108 676 quare

287 682 412 723 templa
428 688 525 713 ruunt
543 683 678 724 antiqua
695 684 821 716 deum?
843 695 911 724 cur,
931 685 1093 727 improbe,
1112 696 1208 718 carae

287 743 354 764 non
372 733 497 774 aliquid
513 735 639 775 patriae
656 740 749 766 tanto
765 736 910 768 emetiris
926 738 1070 769 acervo?

288 785 345 815 uni
362 785 516 816 nimitum
533 791 619 817 recte
638 786 697 817 tibi
714 797 845 828 semper
860 793 955 819 erunt
970 798 1032 820 res.

289 846 309 867 o
325 846 463 877 magnus
478 837 616 878 posthac
634 837 774 869 inimicis
791 838 873 869 risus
892 840 899 869 !
944 844 1058 872 uterne

288 887 331 918 ad
348 897 441 918 casus
457 888 575 919 dubios
592 888 670 920 fidet
687 889 750 920 sibi
767 890 911 922 certius?
933 890 988 922 hic
1004 891 1061 933 qui

289 938 438 980 pluribus
455 939 598 971 adsuerit
614 945 760 972 mentem
777 951 962 983 corpusque
979 943 1168 984 superbum,

289 1001 331 1021 an
348 990 403 1032 qui
421 996 593 1023 contentus
610 1002 710 1033 parvo
727 997 942 1035 metuensque
958 993 1059 1026 futuri
1255 1011 1304 1028 110

289 1042 323 1073 in
339 1053 431 1084 pace,
452 1047 488 1074 ut
503 1043 644 1084 sapiens,
664 1045 785 1085 aptarit
802 1045 921 1077 idonea
937 1039 1026 1077 bello
1037 1046 1052 1077 ?

289 1104 356 1134 quo
372 1094 476 1134 magis
493 1094 543 1126 his
558 1095 682 1133 credas,
703 1106 785 1137 puer
799 1096 888 1128 hunc
905 1107 967 1138 ego
982 1107 1103 1139 parvus
1119 1096 1266 1131 Ofellum

290 1144 425 1186 integris
441 1145 560 1186 opibus
573 1147 650 1177 novi
667 1157 734 1178 non
751 1147 851 1180 latius
867 1158 963 1179 usum

289 1206 389 1237 quam
405 1207 491 1228 nunc
508 1198 632 1229 accisis.
681 1198 795 1230 videas
811 1204 937 1231 metato
953 1200 987 1231 in
1002 1199 1113 1242 agello

289 1258 364 1279 cum
381 1258 498 1289 pecore
515 1254 547 1280 et
562 1250 670 1290 gnatis
686 1249 802 1282 sortem
820 1251 972 1283 mercede
986 1251 1152 1290 colonum,

294 1301 302 1315 ‘
315 1310 382 1331 non
397 1310 460 1341 ego
471 1298 478 1312 ²
495 1307 682 1332 narrantem
704 1302 713 1316 ‘
725 1306 849 1334 temere
865 1302 920 1334 edi
936 1302 1009 1335 luce
1025 1303 1171 1345 profesta

289 1351 465 1392 quicquam
482 1358 611 1393 praeter
625 1352 721 1384 holus
737 1352 883 1385 fumosae
898 1364 974 1386 cum
990 1355 1076 1396 pede
1090 1365 1222 1397 pernae.

288 1413 326 1434 ae
339 1403 420 1433 mihi
437 1413 491 1434 seu
509 1403 646 1444 longum
663 1408 737 1444 post
753 1409 882 1446 tempus
897 1410 1033 1437 venerat
1048 1405 1181 1448 hospes,

288 1455 357 1486 sive
373 1465 510 1496 operum
527 1465 631 1486 vacuo
647 1460 759 1496 gratus
775 1456 916 1487 conviva
929 1466 989 1498 per
1001 1457 1143 1489 imbrem

287 1506 423 1544 vicinus,
444 1507 529 1537 bene
546 1510 614 1538 erat
631 1517 700 1537 non
714 1507 859 1548 piscibus
875 1507 955 1540 urbe
970 1508 1093 1550 petitis,
1251 1523 1302 1542 120

287 1557 345 1589 sed
361 1557 454 1599 pullo
470 1562 569 1598 atque
584 1558 702 1590 haedo.
752 1563 822 1590 tum
839 1559 976 1601 pensilis
991 1570 1056 1591 uva
1071 1560 1233 1592 secundas

286 1614 319 1640 et
335 1619 402 1639 nux
417 1609 557 1640 ornabat
572 1620 703 1640 mensas
719 1620 794 1641 cum
809 1610 943 1652 duplice
960 1611 1034 1643 ficu.

285 1665 360 1701 post
376 1660 440 1692 hoc
457 1660 552 1692 ludus
568 1666 637 1692 erat
653 1661 749 1702 culpa
765 1666 880 1702 potare
896 1662 1054 1703 magistra
1066 1674 1077 1702 3

284 1722 323 1743 ac
339 1717 494 1743 venerata
510 1712 621 1750 Ceres,
641 1712 688 1743 ita
703 1712 814 1744 culmo
829 1718 975 1755 surgeret
991 1713 1070 1752 alto,

284 1763 442 1804 explicuit
457 1763 536 1795 vino
555 1768 742 1795 contractae
759 1764 843 1795 seria
858 1764 985 1796 frontis.

284 1814 408 1846 saeviat
425 1820 524 1856 atque
540 1825 646 1846 novos
662 1819 794 1846 moveat
809 1816 838 1846 F
840 1820 958 1848 ortuna
974 1815 1154 1847 tumultus:

283 1870 442 1907 quantum
465 1865 543 1898 hinc
560 1866 754 1899 imminuet?
784 1871 908 1909 quanto
931 1871 987 1899 aut
1005 1877 1067 1909 ego
1089 1866 1219 1910 parcius
1240 1870 1297 1899 aut

416 1927 484 1956 vos,

1395 1305 1410 1487 ,·«““.-ὗ>η”ζ
1405 1280 1410 1292 -
1403 1227 1410 1262 υ-
