1410 2283
278 136 335 165 170
564 128 599 166 Q.
631 126 762 158 ΗΘΚΛ
771 127 821 157 TI
843 127 1014 158 FLACCJ
1224 126 1290 168 [m.

276 201 351 243 quis
368 200 460 243 paria
477 211 548 233 esse
565 201 632 233 sere
648 201 774 243 placuit
791 204 938 244 peccata,
958 201 1113 234 laborant

275 264 350 284 cum
363 259 497 285 ventum
510 253 552 284 ad
566 263 680 285 verum
693 258 742 285 est
754 262 763 284 z
785 263 900 285 sensus
911 264 1086 296 moresque
1097 259 1286 296 repugnant

274 312 374 347 atque
393 305 462 347 ipse
479 305 615 343 utilitas,
636 305 713 336 iusti
729 309 836 347 prop'e
850 310 956 338 mater
971 310 1005 337 et
1021 305 1130 348 aequi.

276 367 351 388 cum
369 363 603 399 prorepserunt
621 357 737 399 primis
753 357 912 389 animalia
929 357 1034 397 terris,
1261 372 1295 398 99

276 417 404 440 mutum
421 415 453 441 et
471 415 565 451 turpe
582 420 693 451 pecus,
712 409 870 451 glandem
885 414 987 451 atque
1003 409 1126 442 cubilia
1142 414 1281 452 propter

274 461 442 502 unguibus
458 467 490 493 et
507 462 637 504 pugnis,
657 462 734 493 dein
752 461 903 500 fustibus,
925 466 1025 504 atque
1041 461 1088 494 ita
1104 471 1204 504 porro

275 514 469 555 pugnabant
486 514 586 545 armis
603 524 687 556 quae
704 519 779 556 post
796 513 1013 546 fabricaverat
1030 524 1130 553 usus;

274 566 382 598 donec
399 567 509 603 verba,
531 566 651 608 quibus
669 577 767 598 voces
783 576 964 608 sensusque
981 570 1148 606 notarent,

274 618 476 660 nominaque
494 619 671 651 invenere:
696 618 818 650 dehinc
835 618 994 650 absistere
1009 617 1113 658 belle,

273 670 397 712 oppida
414 676 593 712 coeperunt
612 671 751 708 munire,
771 676 803 702 et
821 681 944 712 ponere
961 670 1062 712 leges,

273 733 315 754 ne
331 723 406 764 quis
423 722 474 754 sur
490 729 584 760 esset,
606 733 670 754 neu
688 723 783 760 latro,
804 733 868 754 neu
885 722 960 765 quis
972 722 1117 754 adulter.

273 785 350 805 nam
367 774 427 806 suit
444 780 523 806 ante
541 774 709 805 Helenam
721 785 849 806 cunnus
867 774 1056 806 taeterrima
1072 773 1153 806 belli

272 837 372 858 causa
387 837 396 864 ;
420 826 477 857 sed
495 826 617 867 ignotis
634 826 803 868 perierunt
821 825 983 857 mortibus
999 825 1059 864 illi,

272 889 356 920 quos
374 889 527 910 venerem
546 879 705 910 incertam
724 878 890 919 rapientes
908 888 1001 909 more
1017 877 1162 909 serarum

273 931 396 962 viribus
413 931 533 962 editior
549 931 710 962 caedebat
728 937 762 961 ut
780 930 812 961 in
829 941 929 972 grege
945 935 1068 962 taurus.
1247 944 1298 962 κιο

273 984 343 1014 iura
360 983 494 1014 inventa
511 990 600 1014 metu
619 983 730 1014 iniusti
751 982 875 1014 fateare
894 993 1027 1014 neeesse
1044 987 1104 1022 est,

273 1042 424 1077 tempora
440 1035 467 1066 si
484 1034 650 1076 fastosque
668 1034 748 1066 velis
766 1035 919 1066 evolvere
938 1034 1063 1066 mundi.

274 1098 334 1119 nec
352 1093 470 1118 natura
487 1093 595 1129 potest
615 1087 700 1118 iusto
718 1097 888 1118 secernere
908 1086 1070 1128 iniquum,
1367 1082 1370 1084 ’
1394 1099 1401 1115 0

271 1140 393 1171 dividit
410 1144 445 1170 ut
463 1139 552 1170 bona
568 1138 716 1177 diversis,
737 1138 895 1180 fugienda
915 1139 1080 1181 petendis,

272 1202 333 1223 nec
349 1192 459 1224 vincet
476 1192 561 1223 ratio
577 1191 652 1229 hoc,
674 1191 869 1223 tantundem
890 1197 926 1223 ut
944 1197 1060 1234 peccet
1071 1189 1229 1234 idemque

272 1245 328 1286 qui
346 1250 477 1276 teneros
492 1244 597 1276 caulis
613 1243 713 1275 alieni
732 1243 865 1285 fregerit
884 1243 973 1275 horti

271 1302 303 1328 et
321 1297 377 1338 qui
395 1303 574 1328 nocturnus
590 1306 683 1327 sacra
698 1296 814 1327 divum
832 1295 961 1338 legerit.
1010 1295 1099 1328 adsit

272 1348 395 1390 regula,
415 1348 560 1390 peccatis
577 1359 663 1390 quae
679 1358 804 1390 poenas
826 1349 955 1391 inroget
973 1357 1107 1390 aequa&

272 1411 314 1432 ne
331 1401 455 1432 scutica
470 1401 609 1441 dignum
625 1400 781 1432 horribili
802 1407 927 1434 sectere
944 1400 1088 1443 flagello.

273 1463 351 1484 nam
368 1459 403 1484 ut
420 1452 523 1485 semla
539 1453 660 1485 caedas
681 1454 837 1485 meritum
854 1453 983 1486 maiora
999 1452 1112 1485 subire
1249 1465 1300 1483 120

273 1505 412 1536 verbera
428 1515 495 1536 non
512 1516 638 1543 vereor,
663 1517 740 1538 cum
757 1506 850 1537 dicas
865 1516 937 1538 &sse
954 1515 1051 1547 pares
1067 1514 1120 1536 res

273 1557 360 1588 furta
375 1557 557 1589 latrociniis
576 1563 608 1589 et
624 1558 754 1600 magnis
770 1568 873 1600 parva
888 1557 1024 1589 mineris

274 1608 358 1640 falce
374 1610 555 1641 recisurum
576 1610 676 1642 simili
693 1615 736 1649 te,
757 1611 783 1642 si
801 1609 862 1642 tibi
879 1619 1019 1651 regnum

273 1661 467 1702 permittant
483 1662 651 1694 homines.
701 1663 728 1693 si
745 1662 850 1700 dives,
869 1661 927 1704 qui
945 1661 1078 1704 sapiens
1093 1665 1154 1699 est,

272 1719 305 1744 et
321 1719 413 1745 sutor
428 1715 538 1746 bonus
557 1720 590 1746 et
606 1713 695 1745 solus
712 1714 876 1745 formosus
893 1718 925 1745 et
941 1718 990 1745 est
1006 1723 1074 1752 rex,

272 1775 330 1796 cur
346 1772 443 1807 optas
463 1767 553 1808 quod
570 1767 675 1798 habes
685 1768 700 1798 ?
728 1767 736 1781 ‘
748 1776 815 1798 non
833 1765 920 1798 nosti
937 1764 1019 1808 quid
1035 1768 1131 1807 pater
1141 1762 1150 1776 ’
1166 1762 1276 1805 inquit

275 1817 283 1832 ‘
298 1816 510 1860 Chrysippus
527 1818 628 1850 dicat.
679 1818 814 1860 sapiens
830 1817 983 1860 crepidas
998 1816 1063 1849 sibi
1078 1825 1263 1858 numquam

271 1879 333 1901 nec
352 1870 460 1901 soleas
477 1870 555 1902 fecit
573 1882 580 1901 :
605 1874 697 1902 sutor
713 1876 825 1902 tamen
842 1875 892 1902 est
908 1867 1069 1912 sapiens.’
1112 1868 1199 1911 qui?

276 1924 285 1937 ‘
301 1927 336 1953 ut
354 1922 508 1963 quamvis
524 1927 611 1955 tacet
630 1923 874 1965 Hermogenes,
893 1926 1011 1954 cantor
1025 1925 1139 1954 tamen
1154 1924 1256 1962 atque
