1410 2283
269 126 308 156 74

559 117 596 155 ρ.
627 115 760 147 HORA
770 115 821 147 T!
842 115 1017 149 FLACC!
1070 156 1073 157 γ
1246 115 1292 158 [ν.

401 189 494 234 atqui
509 189 636 223 sciebat
652 200 739 233 quae
754 189 819 223 sibi
834 188 998 223 barbarus

402 249 508 276 tortor
523 247 654 285 pararet
668 254 678 282 ;
701 252 769 275 non
785 242 882 275 aliter
897 246 1012 275 tamen
1265 257 1299 282 50

445 295 586 327 dimovit
602 294 766 327 obstantis
783 294 990 338 propinquos

489 352 521 379 ct
539 346 702 390 populum
718 346 844 380 reditus
859 351 1047 380 morantem

401 477 502 509 quam
518 466 545 498 si
562 465 720 499 clientum
737 466 838 509 longa
856 466 992 510 negotia

400 519 585 551 diiudicata
601 519 659 551 lite
675 518 887 562 relinqueret,

447 570 587 604 tendens
603 571 814 604 Venafranos
830 571 864 603 in
880 581 979 613 agros

489 629 547 657 aut
564 623 870 657 Lacedaemonium
885 623 1081 657 Tarentum.

492 910 671 944 ELICTA
688 911 851 944 maiorum
869 911 1052 945 immeritus
1068 911 1150 953 lues,

514 964 677 1002 Romane,
697 965 804 997 donec
822 964 948 1008 templa
964 964 1117 998 refeceris

445 1015 605 1058 aedisque
622 1016 765 1048 labentis
781 1016 921 1049 deorum
938 1022 972 1051 et

490 1068 588 1100 foeda
605 1068 700 1111 nigro
716 1069 894 1102 simulacra
910 1069 1012 1102 sumo.

401 1184 454 1218 dis
470 1190 502 1218 te
519 1186 682 1219 minorem
700 1187 790 1230 quod
807 1187 906 1230 geris,
926 1187 1079 1231 imperas.

401 1237 480 1271 hinc
496 1249 595 1271 omne
613 1239 825 1282 principium,
846 1239 912 1272 huc
929 1240 1014 1274 refer
1028 1239 1172 1274 exitum:

445 1291 480 1324 di
497 1291 603 1323 multa
620 1292 762 1333 neglecti
778 1292 944 1324 dederunt

492 1343 681 1386 Hesperiae
698 1344 786 1376 mala
803 1344 986 1378 luctuosae.

402 1462 469 1495 iam
486 1463 538 1495 bis
555 1464 734 1497 Monaeses
750 1469 783 1497 et
801 1463 919 1497 Pacori
935 1474 1054 1497 manus

401 1526 470 1548 non
487 1517 676 1559 auspicatos
692 1517 846 1550 contudit
861 1517 1008 1560 impetus
1263 1531 1297 1550 ιο

448 1574 580 1600 nostros
597 1574 629 1601 et
644 1569 806 1602 adiecisse
823 1569 983 1612 praedam

491 1621 666 1663 torquibus
681 1621 810 1664 exiguis
827 1621 967 1654 renidet.

401 1750 509 1781 paene
525 1745 723 1782 occupatam
740 1740 962 1773 seditionibus

399 1791 524 1824 delevit
541 1792 673 1825 Urbem
686 1793 801 1824 Dacus
814 1797 848 1825 et
863 1792 1042 1837 Aethiops,

448 1843 504 1877 hic
520 1845 626 1878 classe
641 1839 849 1883 formidatus,
870 1843 927 1876 ille

489 1896 670 1929 missilibus
685 1895 808 1929 melior
823 1896 964 1940 sagittis-
