1458 2315
145 130 242 173 ναι]
390 131 450 162 SA
458 130 692 162 TJRARUM
714 130 860 161 LIBER
887 131 934 161 ll.
1129 140 1188 169 223

146 206 275 252 rapula,
296 206 459 248 lactucae,
480 207 621 247 radices,
643 205 758 250 qualia
773 205 902 239 lassum

146 262 337 306 pervellunt
354 261 579 300 stomachum,
600 261 693 300 siser,
713 260 810 301 allec,
830 259 962 293 faecula
979 259 1063 293 Coa.

147 315 200 349 his
216 315 276 348 ubi
291 314 435 348 sublatis
451 325 536 358 puer
552 314 620 346 alte
637 314 766 346 cinctus
783 324 941 346 acernam
1158 328 1191 345 10

145 379 296 412 gausape
311 379 483 412 purpureo
499 378 653 400 mensam
669 367 837 410 pertersit,
858 372 891 399 et
908 366 993 398 alter

146 422 294 466 sublegit
310 421 550 465 quodcumque
566 421 689 453 iaceret
706 420 824 452 inutile
841 419 1001 463 quodque

146 479 263 519 posset
278 475 431 507 cenantis
447 474 629 513 offendere,
650 478 687 506 ut
703 473 820 505 Attica
834 473 931 515 virgo

147 539 226 561 cum
242 528 346 561 sacris
359 528 493 561 Cereris
509 527 664 571 procedit
681 526 791 559 fuscus
810 526 994 569 Hydaspes

148 582 309 615 Caecuba
323 581 404 613 vina
421 580 540 621 ferens,
561 580 675 613 Alcon
691 579 817 612 Chium
833 580 937 612 maris
953 590 1084 622 expers.

147 635 205 668 hic
220 646 296 668 erus
316 636 341 651 “
351 634 537 673 Albanum,
559 634 753 673 Maecenas,
775 633 845 666 sive
861 633 1046 665 Falernum

148 692 182 721 te
197 687 306 730 magis
320 686 484 730 appositis
501 685 657 725 delectat,
678 685 843 718 habemus
860 683 1076 729 utrumque.‘’
1091 684 1098 698 ’

149 740 286 773 divitias
302 740 441 773 miseras
456 741 463 772 !
489 739 549 772 sed
566 739 641 782 quis
658 739 858 771 cenantibus
874 749 952 778 una,

148 793 318 834 Fundani,
337 793 479 837 pulchre
495 792 595 826 fuerit
611 792 684 831 tibi,
706 803 805 825 nosse
822 792 952 825 laboro.

151 848 163 863 ‘
171 857 323 879 summus
333 857 408 889 ego,
426 850 460 879 et
471 856 579 889 prope
590 856 645 878 me
658 845 780 877 Viscus
790 844 974 886 Thurinus,
985 849 1018 878 et
1029 844 1128 885 infra,
1155 859 1189 877 20

148 900 177 933 si
193 900 346 940 memini,
359 899 492 939 Varius,
513 910 592 932 cum
610 898 755 933 Servilio
774 898 957 931 Balatrone

147 953 319 992 Vibidius,
339 964 422 996 quas
439 953 623 986 Maecenas
639 952 827 985 adduxerat
840 952 988 985 umbras.

149 1007 389 1039 Nomentanus
405 1010 476 1039 erat
493 1016 593 1049 super
605 1005 728 1049 ipsum,
751 1005 890 1038 Porcius
907 1005 1005 1045 infra,

123 1075 128 1079 ·
149 1059 311 1092 ridiculus
327 1064 416 1092 totas
432 1058 534 1091 simul
550 1059 733 1092 absorbere
750 1058 940 1101 placentas.

149 1112 388 1145 Nomentanus
404 1111 449 1144 ad
462 1111 539 1152 hoc,
560 1112 628 1154 qui,
648 1112 760 1154 siquid
777 1111 862 1144 forte
877 1111 1008 1149 lateret,

149 1165 261 1198 indice
276 1168 481 1197 monstraret
495 1164 604 1206 digito
621 1176 628 1196 :
653 1174 733 1196 nam
749 1168 862 1197 cetera
878 1164 987 1203 turba,

149 1229 224 1258 nos,
243 1218 392 1261 inquam,
412 1227 572 1250 cenamus
589 1217 670 1256 avis,
692 1216 881 1259 conchylia,
902 1217 1014 1260 piscis,

149 1271 251 1314 longe
266 1270 466 1304 dissimilem
482 1275 564 1303 noto
581 1270 727 1303 celantia
743 1281 880 1309 sucum3

151 1329 188 1358 ut
205 1325 258 1358 vel
275 1325 438 1358 continuo
454 1324 575 1367 patuit,
596 1334 672 1356 cum
689 1324 833 1366 passeris
850 1329 952 1367 atque

151 1378 324 1421 ingustata
339 1377 423 1410 mihi
439 1381 635 1420 porrexerat
652 1376 710 1409 ilia
725 1377 870 1410 rhombi.
1155 1394 1189 1419 30

150 1436 229 1475 post
244 1431 310 1464 hoc
326 1441 381 1464 me
396 1430 514 1463 docuit
530 1429 702 1463 melimela
719 1430 838 1464 rubere
850 1430 1018 1464 minorem

150 1484 196 1517 ad
210 1484 327 1517 lunam
343 1482 496 1518 delecta:
519 1483 601 1526 quid
619 1483 684 1516 hoc
701 1483 832 1516 intersit
848 1483 892 1516 ab
908 1484 984 1527 ipso

151 1536 298 1569 audieris
314 1536 443 1570 melius.
493 1540 568 1569 tum
583 1535 743 1569 Vibidius
760 1535 933 1570 Balatroni
948 1550 956 1570 :

155 1590 254 1622 “nos
268 1589 333 1622 nisi
349 1589 513 1622 damnose
530 1588 690 1629 bibimus,
708 1589 892 1622 moriemur
908 1589 1045 1631 inulti‚'’

151 1647 186 1676 et
198 1642 320 1676 calices
336 1642 446 1685 poscit
461 1641 616 1675 maiores.
666 1647 795 1675 vertere
811 1642 920 1686 pallor

152 1700 226 1729 tum
240 1694 380 1739 parochi
396 1694 528 1735 faciem,
548 1694 597 1727 nil
613 1693 660 1728 sic
676 1696 857 1728 metuentis
873 1700 910 1729 ut
926 1697 1011 1730 acris

151 1753 300 1792 potores,
320 1747 374 1781 vel
391 1747 484 1790 quod
501 1747 708 1781 maledicunt
725 1748 874 1789 liberius,
895 1749 950 1782 vel

152 1801 283 1834 fervida
299 1800 392 1843 quod
407 1800 532 1833 subtile
548 1801 729 1834 exsurdant
745 1802 824 1834 vina
841 1802 1003 1844 palatum.

153 1853 324 1887 invertunt
338 1853 499 1887 Allifanis
514 1853 643 1886 vinaria
658 1858 732 1887 tota

153 1906 315 1939 Vibidius
331 1905 548 1949 Balatroque,
568 1906 690 1940 secutis
706 1906 863 1941 omnibus
877 1918 887 1948 3
911 1909 970 1942 imi
1154 1928 1188 1951 40

153 1959 317 1992 convivae
332 1958 412 1993 lecti
428 1959 572 1992 nihilum
589 1970 734 1994 nocuere
749 1959 912 2004 lagoenis.
