1458 2315
93 111 158 154 1v.]

339 114 618 147 CARMJNUM
639 116 787 148 LIBER
812 119 880 150 III.

220 200 384 233 magnum
400 190 461 224 illa
476 195 640 226 terrorem
655 192 816 227 intulerat
833 194 910 228 Iovi

221 243 330 277 fidens
346 244 504 278 iuventus
519 246 658 279 horrida
673 247 852 289 bracchiis,

267 297 456 341 fratresque
472 299 650 333 tendentes
667 310 778 343 opaco

313 351 434 385 Pelion
450 352 652 396 imposuisse
669 354 820 398 Olympo
836 366 844 389 ε

223 453 284 487 sed
300 454 382 498 quid
400 455 586 499 Typhoeus
601 461 635 490 et
650 457 784 491 validus
803 459 941 500 Mimas,

223 512 281 541 aut
297 508 380 551 quid
397 510 523 543 minaci
542 511 756 554 Porphyrion
772 517 872 553 statu,

267 562 351 606 quid
369 562 524 596 Rhoetus
541 564 732 608 evolsisque
749 567 876 600 truncis

312 615 505 649 Enceladus
521 616 685 650 iaculator
700 619 813 652 audax

221 720 341 751 contra
357 723 535 753 sonantem
554 720 704 754 Palladis
720 723 843 765 aegida

220 775 361 815 possent
377 774 538 806 ruentes?
561 773 641 807 hinc
658 775 778 808 avidus
795 777 888 811 stetit

266 825 452 866 Volcanus,
472 826 553 860 hinc
570 832 727 861 matrona
744 829 832 863 Iuno
849 835 884 864 et

309 888 498 922 numquam
515 881 640 913 umeris
655 882 826 925 positurus
842 895 968 926 arcum,

220 980 280 1024 qui
297 993 372 1016 rore
388 994 475 1026 puro
493 983 663 1018 Castaliae
680 985 764 1019 lavit

219 1035 321 1068 crinis
337 1036 475 1077 solutos,
497 1038 556 1081 qui
574 1039 698 1082 Lyciae
716 1044 808 1073 tenet

263 1088 403 1122 dumeta
419 1091 636 1135 natalemque
654 1092 786 1133 silvam,

308 1142 430 1175 Delius
446 1148 480 1176 et
498 1144 660 1178 Patareus
675 1146 817 1189 Apollo,

218 1244 270 1278 vis
287 1246 407 1279 consili
425 1257 546 1290 expers
562 1248 652 1281 mole
669 1249 735 1282 ruit
752 1260 812 1283 sua
827 1262 836 1283 ε

217 1298 289 1331 vim
304 1303 531 1342 temperatam
547 1301 582 1333 di
600 1312 736 1345 quoque
752 1303 944 1346 provehunt

262 1352 299 1384 in
315 1353 424 1386 maius
438 1365 448 1394 ;
473 1353 565 1386 idem
581 1355 685 1388 odere
700 1355 789 1389 vires

307 1416 411 1439 omne
426 1406 522 1439 nefas
539 1407 655 1440 animo
671 1409 850 1443 moventis.

217 1509 313 1543 testis
330 1520 483 1543 mearum
500 1511 711 1545 centimanus
726 1513 819 1556 Gyas

216 1563 471 1603 sententiarum,
492 1568 593 1597 notus
608 1569 641 1597 et
658 1565 811 1609 integrae

261 1620 448 1659 temptator
466 1616 575 1650 Orion
592 1618 737 1659 Dianae,

305 1669 459 1712 virginea
476 1670 627 1704 domitus
644 1672 777 1715 sagitta.

214 1772 341 1807 iniecta
356 1773 517 1807 monstris
535 1774 642 1807 Terra
657 1775 752 1808 dolet
769 1776 847 1817 suis,

217 1831 414 1871 maeretque
431 1831 548 1870 partus
565 1827 707 1862 fulmine
723 1829 871 1862 luridum

260 1880 382 1913 missos
398 1880 442 1912 ad
462 1880 591 1913 Orcum
606 1892 616 1920 3
639 1892 702 1914 nec
719 1883 852 1925 peredit

304 1933 502 1976 impositam
519 1933 608 1968 celer
625 1934 712 1978 ignis
729 1936 876 1976 Aetnen,

1096 131 1136 160 71

1103 264 1137 289 50

1102 896 1136 921 60

1101 1588 1134 1612 70
