1410 2283
304 148 363 176 280
597 148 631 185 Q.
663 146 793 177 HORA
802 147 851 177 TI
874 147 961 178 FLA
969 147 1043 178 CCI

307 221 370 253 scis
388 220 560 252 simulare:
584 221 663 262 quid
680 221 754 261 hoc,
775 221 802 254 si
820 221 930 255 fractis
946 225 1057 254 enatat
1073 232 1190 264 exspes
1291 235 1324 253 20

308 273 458 311 navibus,
479 283 554 304 aere
570 273 650 304 dato
668 274 724 315 qui
741 273 912 315 pingitur?
935 274 1096 316 amphora
1111 273 1220 316 coepit

308 324 453 355 institui:
479 329 628 356 currente
647 330 719 356 rota
735 336 792 357 cur
809 335 924 357 urceus
941 326 1032 357 exit?

308 375 451 417 denique
469 376 509 407 sit
527 376 657 417 quidvis
674 376 814 418 simplex
831 377 1003 408 dumtaxat
1019 380 1051 409 et
1068 387 1182 409 unum.

309 428 453 458 maxima
470 438 544 469 pars
561 432 683 465 vatum,
705 434 799 469 pater
815 433 847 460 et
865 429 998 460 iuvenes
1014 433 1107 471 patre
1123 428 1227 471 digni,

309 479 492 520 decipimur
508 480 616 521 specie
634 479 735 511 recti:
758 480 867 512 brevis
884 490 954 512 esse
971 480 1097 520 laboro,

309 531 465 561 obscurus
482 530 526 561 fio
540 543 548 569 ;
573 536 756 563 sectantem
772 531 857 563 levia
874 532 965 564 nervi

308 581 465 613 deficiunt
482 583 650 624 animique
666 594 675 621 ;
699 583 866 625 professus
881 583 1021 625 grandia
1037 587 1145 626 turget
1160 595 1169 622 ;

308 633 408 674 serpit
426 633 517 664 humi
536 640 624 666 tutus
642 635 780 666 nimium
798 635 998 677 timidusque
1015 635 1181 677 procellae
1197 647 1207 675 ς

308 685 363 726 qui
382 685 507 717 variare
524 686 612 727 cupit
631 697 699 717 rem
717 686 944 728 prodigialiter
961 697 1072 725 unam,

308 736 503 778 delphinum
522 738 611 768 silvis
629 738 790 779 adpingit,
813 737 966 770 fluctibus
982 749 1111 780 aprum.
1294 753 1326 778 30

309 788 343 818 in
360 788 476 818 vitium
495 789 583 819 ducit
601 789 717 829 culpae
735 789 821 829 suga,
842 789 868 820 si
885 794 974 820 caret
991 794 1069 821 arte.

309 839 492 870 Aemilium
509 839 594 870 circa
612 839 726 870 ludum
743 839 834 871 faber
851 851 934 872 unus
952 844 985 872 et
1001 841 1120 881 unguis

308 891 469 932 exprimet
486 895 518 922 et
536 891 644 922 mollis
662 891 844 922 imitabitur
860 902 934 923 aere
951 892 1101 934 capillos,

309 943 422 974 infelix
439 942 546 984 operis
563 953 701 980 summa,
723 943 799 984 quia
816 954 938 984 ponere
956 948 1063 975 totum

311 995 443 1026 nesciet.
495 994 581 1025 hunc
599 1004 660 1035 ego
678 1005 740 1031 me,
763 994 871 1035 siquid
889 1005 1090 1036 componere
1107 1005 1229 1035 curem,

309 1057 375 1078 non
393 1045 497 1087 magis
514 1056 583 1077 esse
601 1045 701 1076 velim
718 1056 817 1087 quam
834 1056 915 1077 naso
930 1046 1041 1078 vivere
1056 1057 1169 1088 pravo,

309 1098 525 1140 spectandum
543 1097 643 1138 nigris
660 1097 762 1129 oculis
779 1097 940 1139 nigroque
956 1098 1090 1140 capillo.

309 1150 427 1181 sumite
444 1149 616 1181 materiam
632 1149 758 1188 vestris,
779 1149 835 1190 qui
852 1149 1003 1188 scribitis,
1025 1160 1168 1192 aequam

310 1202 442 1239 viribus,
464 1205 495 1233 et
512 1208 639 1232 versate
655 1200 721 1240 diu,
743 1201 822 1242 quid
840 1200 922 1233 serre
940 1206 1101 1240 recusent,

309 1254 388 1296 quid
405 1253 537 1284 valeant
554 1252 667 1285 umeri,
717 1253 770 1284 cui
786 1252 872 1285 lecta
888 1257 1041 1294 potenter
1059 1254 1121 1286 erit
1137 1264 1198 1294 res,
1294 1269 1327 1292 40

309 1317 369 1338 nec
386 1305 539 1337 facundia
555 1305 683 1336 deseret
699 1304 788 1336 hunc
804 1315 865 1336 nec
880 1305 1009 1337 lucidus
1028 1306 1120 1338 ordo.

309 1358 433 1390 ordinis
450 1357 531 1389 haec
548 1357 649 1388 virtus
665 1357 726 1388 erit
743 1362 775 1388 et
792 1367 903 1396 venus,
926 1361 981 1389 aut
999 1368 1062 1400 ego
1078 1357 1184 1397 fallor,

308 1414 343 1441 ut
360 1410 426 1441 iam
443 1419 530 1440 nune
546 1408 634 1440 dicat
652 1408 717 1440 iam
735 1419 821 1441 nunc
838 1409 996 1441 debentia
1013 1410 1090 1448 dici,

309 1461 466 1503 pleraque
483 1461 612 1492 differat
629 1464 661 1492 et
678 1471 833 1502 praesens
850 1460 883 1492 in
902 1466 1033 1503 tempus
1050 1461 1190 1493 omittat.

308 1514 342 1545 in
359 1513 468 1545 verbis
484 1513 584 1544 etiam
601 1512 708 1544 tenuis
726 1516 908 1555 cautusque
925 1513 1083 1552 serendis,

307 1566 372 1596 hoc
389 1568 487 1604 amet,
506 1565 571 1596 hoc
587 1568 721 1606 spernat
739 1564 892 1606 promissi
910 1565 1064 1597 carminis
1080 1567 1204 1596 auctor.

309 1617 430 1648 dixeris
446 1616 585 1658 egregie,
605 1621 721 1647 notum
739 1616 765 1647 si
784 1616 907 1648 callida
924 1616 1063 1648 verbum

308 1668 488 1700 reddiderit
505 1668 655 1699 iunctura
672 1678 805 1699 novum.
852 1669 878 1700 si
896 1668 980 1700 forte
996 1678 1129 1700 necesse
1146 1671 1194 1699 est

308 1720 438 1752 indiciis
454 1724 637 1750 monstrare
656 1720 844 1751 recentibus
860 1720 975 1751 abdita
990 1729 1109 1759 rerum,

310 1772 432 1812 fingere
449 1771 600 1802 cinctutis
618 1782 685 1802 non
705 1772 861 1804 exaudita
878 1771 1036 1813 Cethegis
1295 1782 1328 1807 50

311 1823 489 1864 continget,
510 1823 710 1866 dabiturque
727 1823 863 1856 lieentia
878 1828 1011 1865 sumpta
1026 1822 1189 1865 pudenter
1202 1833 1211 1860 ;

309 1879 342 1905 et
360 1884 446 1904 nova
462 1874 604 1916 fictaque
623 1886 730 1917 nuper
744 1875 917 1907 habebunt
933 1875 1035 1907 verba
1052 1872 1163 1912 fidem,
1182 1873 1210 1905 si

312 1925 442 1956 Graeco
459 1925 549 1957 fonte
567 1927 696 1966 cadent,
718 1938 816 1969 parce
833 1927 974 1959 detorta.
1022 1926 1102 1968 quid
1118 1928 1229 1957 autem
