1410 2283
285 108 344 146 246
576 109 611 147 Q.
643 108 772 139 HORA
783 107 831 138 Tl
856 107 1026 139 FLACCI
1236 106 1298 148 [xi.

286 182 422 214 Fidenis
438 183 529 215 vicus
547 195 554 215 ι
578 188 690 215 tamen
707 182 774 215 illic
790 182 902 215 vivere
918 181 1050 221 vellem,

285 235 473 276 oblitusque
489 245 650 273 meorum,
669 234 916 266 obliviscendus
931 238 964 266 et
981 233 1060 273 illis,

285 286 480 328 Neptunum
496 286 611 328 procul
629 297 647 318 e
663 291 749 318 terra
766 291 917 330 spectare
934 285 1109 318 furentem.
1273 299 1306 317 ιο

283 339 342 370 sed
359 349 466 380 neque
483 339 539 380 qui
558 339 674 380 Capua
693 339 836 369 Romam
853 338 947 380 petit,
967 337 1074 369 imbre
1091 337 1228 380 lutoque

284 390 469 432 adspersus,
490 390 580 422 volet
598 391 631 421 in
649 400 800 432 caupona
817 390 926 421 vivere
941 401 950 428 ;
973 399 1034 421 nec
1051 388 1109 432 qui

284 441 385 483 frigus
401 441 546 484 collegit,
568 441 680 473 furnos
696 447 727 474 et
744 441 867 473 balnea
883 441 998 473 laudat

285 499 319 524 ut
337 494 537 525 fortunatam
555 493 652 535 plene
668 493 872 535 praestantia
887 493 990 524 vitam
1004 503 1014 531 ;

284 556 345 576 nec
363 546 389 577 si
406 551 438 577 te
455 545 583 577 validus
600 545 771 577 iactaverit
791 546 915 576 Auster
931 545 964 576 in
980 544 1060 583 alto,

285 597 410 629 idcirco
426 608 545 629 navem
562 602 652 629 trans
670 597 844 638 Aegaeum
861 607 952 628 mare
967 595 1103 628 vendas.

285 649 443 680 incolumi
462 649 602 681 Rhodos
615 653 647 681 et
667 649 830 690 Mytilene
847 648 962 690 pulcra
979 647 1056 680 facit
1073 647 1165 690 quod

286 701 429 742 paenula
446 701 597 738 solstitio,
617 706 802 742 campestre
818 699 984 731 nivalibus
999 699 1098 738 auris,

286 763 344 794 per
360 752 512 783 brumam
525 753 668 790 Tiberis,
686 752 803 783 Sextili
817 761 929 783 mense
945 750 1104 782 caminus.

287 804 367 835 dum
384 804 460 835 licet
477 814 515 835 ac
531 803 659 834 voltum
676 808 784 834 servat
801 803 950 834 Fortuna
965 802 1148 844 benignum
1273 816 1307 834 20

289 855 416 886 Romae
433 855 585 886 laudetur
599 854 716 886 Sarnos
734 859 766 886 et
783 854 886 886 Chios
899 859 931 886 et
950 853 1089 885 Rhodos
1105 854 1237 886 absens.

287 912 321 938 tu
339 917 580 948 quamcumque
598 907 678 938 deus
694 906 754 937 tibi
772 905 988 937 fortunaverit
1005 905 1121 937 horam

287 964 380 1000 grata
397 969 489 990 sume
505 969 614 996 manu,
636 968 700 990 neu
716 957 826 989 dulcia
843 957 937 989 differ
953 957 986 988 in
1004 967 1128 988 annum
1141 969 1152 996 ;

287 1015 334 1049 ut,
353 1020 562 1051 quocumque
577 1010 651 1041 loco
668 1009 776 1048 fueris,
798 1009 918 1040 vixisse
934 1008 1078 1045 libenter

287 1067 319 1093 te
333 1062 434 1093 dicas.
483 1072 560 1092 nam
578 1061 604 1092 si
622 1061 706 1092 ratio
723 1064 755 1092 et
772 1060 952 1102 prudentia
967 1070 1072 1098 curas,

287 1123 355 1145 non
371 1113 462 1144 locus
479 1113 571 1144 effusi
588 1112 653 1144 late
670 1112 769 1143 maris
786 1112 908 1144 arbiter
923 1111 1040 1150 aufert,

287 1165 427 1203 caelum,
448 1175 515 1196 non
531 1165 691 1202 animum,
711 1168 841 1196 mutant
856 1163 916 1205 qui
934 1168 1024 1195 trans
1040 1173 1131 1196 mare
1148 1167 1294 1196 currunt.

287 1221 419 1248 strenua
435 1227 496 1248 nos
513 1221 640 1248 exercet
658 1216 776 1247 inertia
786 1227 795 1254 ;
819 1215 959 1247 navibus
974 1220 1074 1256 atque

288 1268 456 1312 quadrigis
472 1268 615 1310 petimus
631 1268 716 1300 bene
731 1268 852 1299 vivere.
901 1268 990 1309 quod
1008 1266 1094 1309 petis
1109 1265 1164 1298 hic
1179 1271 1238 1306 est,

287 1325 339 1351 est
356 1320 504 1359 Ulubris,
526 1320 655 1352 animus
667 1319 694 1351 si
712 1325 744 1352 te
761 1329 828 1351 non
845 1319 956 1351 deficit
972 1329 1106 1360 aequus.
1276 1333 1309 1357 30

288 1532 372 1565 XII.
484 1531 731 1564 RUCTIBUS
743 1531 914 1573 Agrippae
932 1529 1054 1563 Siculis
1070 1540 1153 1573 quos
1163 1529 1306 1572 colligis,

591 1583 670 1622 Icci,

288 1634 315 1666 si
333 1640 419 1667 recte
436 1635 561 1674 frueris,
582 1645 650 1666 non
666 1638 715 1666 est
732 1638 768 1666 ut
783 1634 880 1676 copia
895 1633 1004 1665 maior

287 1687 332 1718 ab
347 1687 429 1718 Iove
447 1687 562 1718 donari
579 1686 684 1728 possit
703 1686 773 1718 tibi.
823 1685 904 1717 tolle
921 1685 1072 1727 querelas
1089 1696 1098 1716 z

284 1748 414 1780 pauper
431 1738 519 1769 enim
536 1748 603 1769 non
619 1743 680 1776 est,
696 1737 748 1769 cui
765 1747 874 1769 rerum
890 1737 1038 1779 suppetit
1053 1746 1141 1768 usus.

287 1789 314 1820 si
331 1790 439 1820 ventri
455 1790 551 1828 bene,
572 1789 600 1821 si
616 1789 711 1821 lateri
724 1794 773 1820 est
789 1788 997 1830 pedibusque
1013 1788 1088 1827 tuis,
1107 1786 1157 1820 nil

285 1840 422 1872 divitiae
438 1844 594 1882 poterunt
611 1840 738 1882 regales
754 1840 876 1872 addere
893 1840 1009 1871 maius.

285 1891 310 1923 si
331 1891 414 1924 forte
431 1892 465 1923 in
482 1892 594 1924 medio
610 1892 793 1934 positorum
810 1891 990 1923 abstemius
1005 1889 1118 1923 herbis
