1410 2283
300 144 357 174 186
579 142 616 180 Q.
647 141 837 172 HORATI
860 140 1031 172 FLACCI
1246 140 1308 182 [lx.

303 220 313 236 ‘
326 218 479 256 suaviter,
498 222 533 249 ut
550 226 637 250 nunc
653 222 702 250 est
714 215 721 229 ’
739 216 885 259 inquam,
910 217 919 232 ‘
930 220 962 249 et
984 215 1084 259 cupio
1099 216 1210 249 omnia
1227 227 1313 260 quae

430 268 503 302 vis.'
817 307 822 312 ·

301 333 377 355 cum
394 321 628 359 adsectaretur,
655 321 752 352 ‘num
770 319 851 363 quid
868 318 962 352 vis?'
989 330 1127 363 occupo.
1176 325 1210 353 at
1227 321 1283 354 ilie

304 376 313 390 ‘
327 374 415 406 noris
432 384 491 406 nos
504 372 511 386 '
528 373 634 415 inquit
650 383 659 411 ;
689 372 798 405 ‘docti
813 370 946 404 sumus.’
994 371 1050 404 hic
1066 383 1130 415 ego
1150 373 1272 416 ‘pluris

298 426 362 458 hoc
377 425 384 438 '
398 426 534 468 inquam
554 427 563 441 ⁶
576 425 657 457 mihi
674 423 763 457 eris.'
809 424 928 457 misere
943 424 1113 458 discedere
1128 435 1301 468 quaerens,

302 479 348 510 ire
362 478 462 510 modo
479 478 580 516 ocius,
602 477 769 509 interdum
786 477 977 516 consistere,
998 477 1032 509 in
1048 487 1161 509 aurem

297 530 407 562 dicere
423 530 536 562 nescio
552 529 631 572 quid
648 539 764 571 puer0,
785 539 860 561 cum
875 529 977 561 sudor
992 529 1036 561 ad
1053 529 1139 562 imos
1285 545 1317 562 ιο

298 587 446 614 manaret
465 582 559 614 talos.
610 583 619 598 ‘
632 592 654 614 0
670 587 712 620 te,
735 581 873 621 Bolane‚
893 581 1020 614 cerebri

298 634 427 666 felicem
444 636 451 666 !
465 633 472 646 '
488 634 619 666 aiebam
637 634 766 672 tacitus,
787 644 862 666 cum
877 633 1043 676 quidlibet
1060 633 1117 666 ille

297 686 444 727 garriret,
466 686 566 724 vicoS,
587 685 703 717 urbem
720 685 880 718 laudaret.
930 690 966 717 ut
982 684 1031 716 illi

299 738 345 769 nil
363 738 617 780 respondebam,
641 738 649 752 ‘
662 737 780 769 misere
796 736 890 778 cupis
902 735 909 749 ’
927 737 1035 780 inquit
1058 737 1067 753 ‘
1079 736 1171 770 abire
1185 749 1193 769 ε

299 790 493 822 iamdudum
509 789 608 821 video
623 794 641 820 :⁴
655 789 714 820 sed
731 789 777 820 nil
794 789 865 830 agis
879 799 889 828 3
916 799 1020 831 usque
1038 790 1160 822 tenebo
1174 800 1184 828 ;

298 852 477 884 prosequar
494 841 572 873 hinc
585 851 652 883 quo
665 851 752 872 nunc
766 841 827 873 iter
839 846 888 873 est
906 839 991 874 tibi)
1043 842 1052 857 ‘
1065 841 1111 873 nil
1125 852 1209 884 opus
1219 846 1268 875 est
1284 847 1315 875 te

297 893 475 935 circumagi
492 905 499 925 :
523 893 690 935 quendam
707 893 784 924 volo
800 893 906 925 visere
921 903 989 925 non
1006 893 1067 925 tibi
1084 898 1202 926 notum
1216 906 1224 925 =

298 951 387 978 trans
404 946 554 977 Tiberim
570 945 668 987 longe
684 945 783 977 cubat
800 945 837 984 is,
858 956 964 987 prope
981 945 1134 978 Caesaris
1149 944 1284 978 hortos.'

301 999 310 1014 ‘
321 998 368 1030 nil
384 998 492 1030 habeo
508 997 597 1039 quod
612 1007 709 1039 agam
725 1002 758 1029 et
774 1007 842 1029 non
858 1007 930 1029 sum
941 997 1036 1040 piger
1053 1008 1060 1030 :
1082 1008 1187 1041 usque
1197 1009 1316 1041 sequar

430 1048 487 1082 te.’

297 1102 438 1134 demitto
455 1102 615 1134 auriculas
632 1106 667 1134 ut
685 1102 818 1144 iniquae
834 1102 955 1134 mentis
972 1101 1094 1134 asellus
1282 1118 1316 1135 ω

297 1165 372 1186 cum
389 1154 519 1196 gravius
535 1155 635 1186 dorso
651 1154 752 1186 subiit
769 1164 863 1186 onus.
913 1154 1030 1197 incipit
1047 1154 1125 1188 ille:

301 1208 309 1222 ‘
322 1207 348 1238 si
365 1207 450 1238 bene
466 1217 520 1239 me
535 1207 624 1245 novi,
644 1217 711 1238 non
723 1206 861 1239 Viscum
878 1205 981 1248 pluris
992 1207 1147 1246 amicum,

296 1269 363 1290 non
380 1258 518 1290 Varium
535 1258 634 1290 facies
650 1270 658 1290 ι
681 1269 758 1290 nam
774 1259 848 1301 quis
864 1269 918 1291 me
933 1258 1077 1292 scribere
1092 1258 1197 1302 pluris

295 1316 352 1342 aut
369 1311 464 1343 citius
481 1311 584 1353 possit
602 1311 738 1343 versus?
758 1311 832 1353 quis
847 1311 998 1343 membra
1013 1321 1148 1344 movere

294 1363 454 1395 mollius?
478 1363 623 1395 invideat
639 1363 729 1405 quod
745 1367 778 1395 et
796 1363 1028 1405 Hermogenes
1044 1374 1108 1406 ego
1125 1362 1248 1397 canto.’

293 1415 527 1457 interpellandi
544 1415 635 1447 locus
651 1415 706 1447 hic
722 1419 790 1447 erat
809 1427 817 1447 ε
844 1417 913 1448 ‘est
930 1415 991 1448 tibi
1007 1421 1124 1456 mater,

292 1467 436 1508 cognati,
453 1468 526 1509 quis
539 1471 571 1499 te
584 1467 676 1499 salvo
690 1471 738 1500 est
749 1468 857 1510 opus?
869 1466 876 1481 ’
905 1469 915 1484 ‘
925 1467 1014 1500 haud
1028 1469 1110 1501 mihi
1125 1469 1312 1512 quisquam.

292 1519 400 1551 omnis
416 1518 612 1561 composui.’
663 1521 673 1536 ‘
683 1519 794 1552 felices
809 1521 816 1551 !
841 1530 929 1552 nunc
945 1531 1008 1563 ego
1024 1526 1122 1554 resto.

291 1570 418 1603 confice
435 1583 442 1603 :
466 1582 610 1613 namque
627 1571 726 1603 instat
743 1571 846 1603 satum
863 1572 946 1604 mihi
964 1573 1066 1613 triste,
1088 1572 1225 1606 Sabella

291 1623 380 1664 quod
398 1633 501 1664 puero
517 1623 637 1655 cecinit
655 1623 768 1655 divina
784 1629 876 1656 mota
892 1635 973 1658 anus
988 1636 1091 1658 urna:
1280 1637 1314 1662 30

290 1673 378 1706 hunc
395 1685 502 1716 neque
514 1674 586 1706 dira
603 1685 742 1714 venena,
764 1686 825 1708 nec
838 1675 986 1710 hosticus
1001 1677 1127 1709 auferet
1143 1675 1242 1714 ensis,

290 1736 351 1758 nec
368 1725 508 1758 laterum
524 1726 620 1758 dolor
635 1731 692 1758 aut
709 1727 817 1766 tussis,
839 1739 901 1762 nec
917 1729 1014 1762 tarda
1029 1728 1180 1772 podagra
1195 1739 1203 1759 ς

290 1778 440 1819 garrulus
455 1778 543 1810 hunc
560 1778 694 1821 quando
711 1785 884 1813 consumet
902 1791 1044 1823 cumque
1062 1791 1069 1812 :
1094 1779 1263 1822 loquaces,

289 1830 316 1860 si
333 1830 450 1872 sapiat,
471 1831 562 1869 vitet,
584 1830 682 1862 simul
699 1835 799 1874 atque
817 1833 1000 1865 adoleverit
1015 1830 1130 1865 aetas!

288 1887 424 1914 ventum
441 1887 510 1914 erat
527 1883 570 1914 ad
586 1882 719 1922 Vestae,
744 1889 861 1926 quarta
877 1885 944 1918 iarn
959 1889 1054 1927 parte
1069 1882 1136 1916 diei

290 1935 476 1976 praeterita,
497 1939 529 1967 et
545 1945 622 1967 casu
641 1940 710 1968 tum
728 1937 927 1979 respondere
940 1937 1064 1969 vadato

1384 1744 1386 1746 ·
1380 1689 1389 1719 '⁴
1381 1664 1398 1671 ²
1380 889 1410 1653 '2'0‘NJ‘ss’W-2ffl—ns—0..
1400 785 1410 877 ....<-.
1400 718 1410 757 -e
