1458 2315
49 877 77 912 1.

447 617 717 663 EPODON

508 763 648 790 LIBER.

238 878 313 912 BIS
332 877 492 911 Liburnis
509 879 596 911 inter
612 878 681 911 alta
698 879 846 920 navium,

302 932 422 972 amice,
441 931 709 975 propugnacula,

179 988 318 1029 paratus
335 996 437 1018 omne
455 985 611 1018 Caesaris
628 985 818 1028 periculum

226 1039 350 1079 subire,
370 1039 564 1078 Maecenas,
586 1043 655 1072 tuo.

180 1092 262 1135 quid
279 1102 352 1131 nos,
373 1092 495 1135 quibus
512 1096 545 1125 te
560 1092 631 1124 vita
647 1092 675 1124 si
693 1092 872 1135 superstite

223 1144 382 1184 iucunda,
404 1144 431 1177 si
449 1149 575 1184 eontra,
598 1145 736 1187 gravis?

178 1202 337 1231 utrumne
354 1197 435 1230 iussi
452 1208 695 1240 persequemur
712 1198 831 1238 otium,

221 1262 291 1284 non
308 1251 419 1290 dulce,
440 1251 475 1282 ni
493 1256 606 1283 tecum
624 1251 735 1289 simul,

175 1315 220 1336 an
236 1304 327 1337 hunc
344 1304 497 1336 laborem
514 1308 627 1336 mente
644 1303 756 1344 laturi,
777 1303 875 1337 decet

220 1368 288 1400 qua
304 1357 389 1390 ferre
407 1367 476 1389 non
493 1356 606 1389 mollis
624 1357 739 1388 viros?

173 1409 320 1443 feremus
338 1415 370 1443 et
388 1415 421 1443 te
437 1409 493 1443 vel
509 1420 570 1452 per
585 1409 727 1452 Alpium
745 1409 823 1452 iuga

217 1463 463 1506 inhospitalem
480 1468 513 1495 et
532 1463 734 1502 Caucasum,

172 1516 228 1550 vel
245 1517 433 1550 occidentis
450 1527 557 1560 usque
574 1517 616 1548 ad
635 1516 793 1548 ultimum
811 1516 923 1549 sinum

215 1569 296 1603 forti
313 1580 494 1613 sequemur
510 1574 660 1613 pectore.

171 1633 270 1666 roges
285 1628 382 1655 tuum
399 1623 515 1656 labore
532 1623 616 1666 quid
635 1623 747 1654 iuvem
765 1633 842 1655 meo

216 1676 365 1709 imbellis
382 1688 421 1709 ac
439 1676 554 1708 firmus
576 1676 722 1719 parum?

170 1739 284 1762 comes
300 1730 432 1762 minore
449 1740 522 1761 sum
540 1729 670 1761 futurus
687 1729 721 1760 in
739 1732 842 1767 metu,

214 1782 273 1824 qui
290 1783 400 1814 maior
416 1782 567 1814 absentis
584 1782 688 1814 habet
702 1794 712 1821 3

169 1840 207 1868 ut
224 1836 385 1868 adsidens
403 1836 626 1878 {inplumibus
643 1835 745 1877 pullis
763 1834 835 1867 avis

213 1889 423 1931 serpentium
441 1889 600 1931 adlapsus
618 1888 715 1921 timet

166 1941 276 1983 magis
293 1942 431 1982 relictis,
451 1952 531 1981 non,
552 1946 588 1974 ut
605 1941 703 1982 adsit,
725 1941 829 1974 auxili

212 1994 322 2027 latura
338 1995 416 2037 plus
434 1996 679 2038 praesentibus.

1062 1374 1095 1392 10

1054 1903 1090 1924 20
