1458 2315
127 154 226 197 Χῖα]
383 154 661 186 CARMJNUM
682 154 828 185 LIBER
854 154 877 185 I
883 155 917 186 V.
1115 163 1171 185 121

263 230 382 264 dicunt
398 230 435 263 in
452 234 570 264 tenero
585 230 740 274 gramine
756 230 937 273 pinguium

261 283 424 318 custodes
440 284 557 316 ovium
574 283 725 316 carmina
742 283 866 323 fistula,
1140 299 1173 316 10

259 337 499 379 delectantque
515 337 628 375 deum,
649 336 703 368 cui
720 346 823 378 pecus
842 342 874 369 et
892 336 980 379 nigri

350 389 455 423 colles
472 388 643 422 Arcadiae
659 389 805 432 placent.

263 493 435 527 adduxere
453 493 545 527 sitim
561 497 727 536 tempora,
749 493 892 536 Vergili.

262 547 322 580 sed
340 557 496 590 pressum
513 546 654 579 Calibus
670 546 794 579 ducere
812 546 974 579 Liberum

265 600 293 633 si
309 600 425 643 gestis,
445 599 607 632 iuvenum
623 599 792 631 nobilium
810 599 927 639 cliens,

349 652 458 685 nardo
473 652 553 684 vina
569 651 763 684 mereberis.

260 756 360 790 nardi
375 767 499 800 parvus
516 767 606 799 onyx
623 756 734 789 eliciet
749 756 885 796 cadum,

261 810 322 853 qui
340 820 432 842 nunc
450 809 613 852 Sulpiciis
630 809 773 842 accubat
789 809 929 848 horreis,

260 873 338 906 spes
354 863 482 895 donare
497 872 604 894 novas
620 861 734 904 largus
751 872 934 906 amaraque

348 926 505 949 curarum
521 915 634 948 eluere
650 915 780 948 efficax.
1134 930 1169 948 20

259 1021 304 1055 ad
321 1032 408 1066 quae
424 1021 452 1055 si
468 1032 630 1065 properas
646 1021 782 1065 gaudia,
802 1032 882 1054 cum
898 1026 956 1054 tua

259 1074 360 1107 velox
375 1086 488 1108 merce
504 1075 583 1107 veni
600 1087 608 1107 :
631 1086 702 1107 non
718 1086 782 1118 ego
799 1080 832 1108 te
849 1075 934 1107 meis

260 1127 449 1160 immunem
464 1127 611 1160 meditor
627 1129 781 1171 tinguere
797 1127 942 1170 poculis,

348 1180 452 1223 plena
468 1180 564 1213 dives
581 1186 616 1212 ut
634 1181 669 1212 in
686 1181 801 1212 domo.

258 1295 377 1317 verum
393 1294 484 1327 pone
499 1295 612 1316 moras
627 1289 660 1317 et
677 1284 827 1317 studium
844 1283 940 1323 lucri,

257 1338 500 1380 nigrorumque
517 1348 657 1377 memor,
679 1337 761 1369 dum
778 1337 867 1377 licet,
888 1337 1019 1380 ignium

259 1391 364 1424 misce
381 1390 561 1423 stultitiam
578 1391 728 1423 consiliis
745 1390 884 1423 brevem
900 1402 907 1423 :

349 1443 450 1477 dulce
467 1448 517 1477 est
534 1444 686 1487 desipere
703 1444 739 1476 in
755 1443 843 1476 loco.

122 1812 232 1847 XIII.
346 1813 587 1856 UDIVERE,
608 1814 711 1858 Lyce,
731 1814 768 1848 di
785 1825 862 1848 mea
879 1818 970 1856 vota,
991 1815 1027 1848 di

366 1868 536 1909 audivere,
558 1869 650 1912 Lyce
669 1881 677 1903 :
703 1869 743 1902 fis
759 1879 854 1911 anus,
875 1874 908 1903 et
926 1874 1041 1903 tamen

344 1921 396 1954 vis
412 1920 561 1954 formosa
576 1921 696 1961 videri,

300 1973 458 2018 ludisque
474 1979 507 2008 et
523 1974 612 2008 bibis
629 1975 822 2019 impudens,

383 2047 407 2083 9
