1458 2315
109 123 175 166 v1.]

113 337 155 371 V.

108 1527 172 1561 VI.

388 125 666 158 CARMINUM
687 126 832 158 LIBER
859 129 887 159 l.

304 338 386 372 UIS
404 338 511 372 multa
527 339 662 383 gracilis
680 343 712 373 te
729 351 812 383 puer
828 340 864 373 in
880 352 957 375 rosa

324 393 478 435 perfusus
494 393 632 437 liquidis
649 399 768 437 urguet
784 394 946 428 odoribus

247 450 354 488 grato,
377 446 516 489 Pyrrha,
538 447 600 479 sub
617 449 739 480 antro?

292 499 346 532 cui
364 499 487 531 flavam
504 500 626 543 religas
643 511 777 533 comam

202 603 347 646 simplex
363 604 537 636 munditiis
548 605 564 637 ἲ
586 604 652 637 heu
669 605 825 648 quotiens
843 606 946 639 fidem

201 661 416 700 mutatosque
432 657 515 690 deos
531 657 636 697 flebit,
658 663 691 692 et
704 669 824 702 aspera

245 711 350 754 nigris
367 721 515 754 aequora
531 712 640 745 ventis

290 764 488 797 emirabitur
504 765 663 805 insolens,

201 868 260 912 qui
277 879 366 902 nunc
382 873 415 902 te
433 869 552 902 fruitur
568 870 723 903 credulus
741 882 852 911 aurea,

199 922 257 966 qui
274 933 408 966 semper
422 934 574 963 vacuam,
596 935 730 968 semper
746 925 930 958 amabilem

243 981 366 1019 sperat,
387 977 520 1010 nescius
536 988 637 1010 aurae

288 1029 429 1062 fallacis.
479 1029 603 1071 miseri,
623 1030 745 1074 quibus

199 1134 402 1177 intemptata
418 1133 516 1166 nites.
564 1145 618 1167 me
637 1134 753 1168 tabula
771 1146 863 1169 sacer

201 1188 315 1220 votiva
331 1187 440 1230 paries
456 1187 583 1220 indicat
600 1189 703 1221 uvida

245 1240 459 1283 suspendisse
476 1236 609 1283 potenti

288 1292 487 1325 vestimenta
505 1293 606 1325 maris
622 1293 696 1326 (leo.

278 1527 512 1561 CRIBERIS
530 1527 636 1560 Vario
654 1526 747 1560 sortis
764 1531 796 1560 et
813 1527 961 1561 hostium

300 1581 418 1620 victor,
440 1581 591 1613 Maeonii
610 1581 767 1613 carminis
784 1581 874 1621 alite,

197 1644 300 1677 quam
317 1645 388 1666 rem
404 1645 549 1676 cumque
566 1633 660 1666 serox
677 1634 818 1666 navibus
835 1639 891 1668 aut
909 1635 1003 1679 equis

286 1686 383 1719 miles
401 1692 433 1719 te
451 1687 535 1719 duce
552 1687 702 1730 gesserit.

196 1801 268 1829 nos,
290 1790 456 1834 Agrippa,
478 1801 588 1834 neque
606 1790 689 1823 haec
707 1790 829 1830 dicere,
851 1801 913 1824 nee
929 1801 1067 1835 gravem

197 1844 335 1876 Pelidae
352 1844 565 1877 stomachum
583 1844 701 1876 cedere
718 1844 833 1883 nescii,

196 1907 258 1930 nec
274 1908 390 1930 cursus
406 1896 550 1939 duplicis
568 1907 627 1939 per
644 1907 734 1928 mare
757 1896 881 1937 Ulixei,

288 1960 350 1982 nec
366 1960 501 1982 saevam
521 1949 658 1992 Pelopis
675 1949 816 1982 domum

371 2018 393 2045 2

1119 943 1150 959 10
