1458 2315
108 153 191 195 νη]
369 153 428 183 SA
438 150 671 182 TIRARUM
693 150 837 180 LIBER
863 149 892 181 I.
1091 153 1148 189 183

109 402 195 434 VII.
314 401 580 435 ROSCRIPTI
631 400 735 444 Regis
780 400 898 443 Rupili
939 411 1001 443 pus
1047 406 1149 443 atque

445 465 616 487 venenum

109 507 257 550 hybrida
273 518 341 550 quo
358 512 459 550 pacto
476 508 518 539 sit
538 507 672 540 Persius
690 506 788 545 ultus,
810 499 933 549 opinor

110 560 270 593 omnibus
288 565 322 592 et
339 560 443 603 lippis
462 565 582 593 notum
600 565 633 592 et
652 559 844 592 tonsoribus
861 570 943 591 esse.

111 614 246 646 Persius
263 614 319 645 hie
336 625 523 657 permagna
541 614 680 656 negotia
696 613 790 645 dives
807 613 956 644 habebat

110 667 337 707 Clazomenis,
358 672 392 699 et
408 667 477 698 iam
494 667 570 699 lites
588 677 665 699 cum
684 666 779 708 Rege
796 666 968 704 molestas,

110 721 213 752 durus
229 720 334 752 horno
351 725 453 763 atque
471 720 550 752 odio
570 719 627 762 qui
646 724 760 761 posset
777 719 911 750 vincere
930 719 1072 761 Regem,

110 773 288 806 confidens
306 774 536 815 tumidusque,
556 773 641 804 adeo
659 772 823 803 sermonis
839 771 955 810 amari,

114 826 287 866 Sisennas,
309 827 432 859 Barros
450 831 487 858 ut
507 826 602 868 equis
620 830 850 867 praecurreret
868 825 964 857 albis.

108 879 154 911 ad
169 880 300 922 Regem
316 880 429 912 redeo.
483 884 665 922 postquam
684 878 768 909 nihil
787 878 872 910 inter
888 884 1066 921 utrumque

109 933 379 965 convenit-hoc
397 933 522 965 etenim
544 938 619 964 sunt
638 943 755 963 omnes
772 932 843 964 iure
861 932 995 964 molesti
1119 948 1151 964 10

109 997 177 1029 quo
194 986 305 1025 fortes,
326 986 449 1029 quibus
468 986 648 1018 adversum
663 985 790 1016 bellum
809 985 946 1017 incidit:
977 985 1064 1018 inter

102 1040 266 1079 ,Hectora
284 1040 490 1078 Priamiden,
518 1039 709 1070 animosum
728 1044 828 1080 atque
846 1027 933 1070 infer
951 1039 1121 1072 Achillem

109 1092 159 1124 ira
177 1093 239 1124 suit
256 1092 421 1135 capitalis,
443 1097 479 1124 ut
499 1092 618 1124 ultima
636 1092 801 1123 divideret
819 1103 919 1131 morS,

108 1156 179 1178 non
196 1145 298 1176 aliam
315 1145 359 1176 ob
379 1156 514 1177 causam
532 1145 597 1176 nisi
615 1138 705 1187 quod
724 1145 830 1176 virtus
848 1145 882 1176 in
899 1149 1042 1187 utroque

109 1209 242 1230 summa
259 1197 320 1229 suit
339 1210 348 1237 3
373 1197 441 1229 duo
460 1198 487 1229 si
506 1197 675 1229 discordia
692 1202 789 1229 vexet
808 1197 941 1235 inertes,

108 1256 165 1283 aut
185 1251 212 1282 si
229 1251 421 1293 disparibus
441 1250 568 1282 bellum
586 1250 723 1288 incidat,
744 1254 780 1281 ut
799 1250 961 1282 Diomedi

108 1315 186 1336 cum
205 1304 311 1345 Lycio
331 1304 472 1342 Glauco,
495 1303 647 1335 discedat
663 1303 800 1345 pigrior,
821 1303 909 1335 ultro

108 1358 306 1389 muneribus
324 1357 444 1395 missis,
452 1356 604 1388 —Bruto
622 1362 775 1398 praetore
793 1361 930 1388 tenente

108 1410 216 1441 ditem
234 1410 364 1448 Asiam,
387 1409 506 1451 Rupili
525 1414 557 1441 et
576 1409 668 1441 Persi
687 1420 747 1451 par
764 1415 903 1451 pugnat,
924 1409 971 1441 uti
989 1420 1058 1442 non

106 1463 336 1505 compositum
354 1463 475 1494 melius
493 1473 570 1494 cum
588 1462 691 1494 Bitho
710 1462 885 1495 Bacchius.
932 1463 966 1494 in
985 1463 1035 1495 ius
1114 1479 1148 1497 20

109 1525 202 1547 acres
220 1521 433 1558 procurrunt,
455 1526 617 1558 magnum
637 1516 866 1557 spectaculum
883 1520 1035 1559 uterque.

109 1567 243 1600 Persius
261 1569 401 1611 exponit
420 1579 556 1600 causam
574 1580 583 1607 ;
611 1569 736 1600 ridetur
753 1568 796 1600 ab
813 1570 906 1601 omni

107 1626 276 1652 conventu
293 1633 301 1659 ;
327 1621 444 1653 laudat
464 1622 606 1653 Brutum
626 1621 809 1664 laudatque
827 1622 1013 1662 cohortem,

107 1672 214 1704 solem
232 1673 336 1706 Asiae
355 1675 496 1705 Brutum
516 1675 667 1716 appellat
689 1674 869 1717 stellasque
887 1675 1029 1709 salubris

105 1725 257 1767 appellat
274 1727 423 1765 comites,
445 1732 589 1769 excepto
609 1728 701 1769 Rege
717 1739 726 1766 ;
753 1728 881 1759 Canem
899 1729 1006 1769 illum,

105 1775 252 1809 invisum
268 1779 424 1820 agricolis
441 1780 544 1818 sidus,
565 1781 696 1812 venisse
716 1793 722 1811 :
756 1781 874 1813 ruebat

105 1827 232 1862 flumen
248 1836 283 1862 ut
301 1831 491 1870 hibernum,
513 1832 617 1864 fertur
634 1844 701 1875 quo
721 1845 794 1865 rara
811 1835 944 1867 securis.

105 1884 178 1913 tum
196 1882 433 1916 Praenestinus
451 1884 540 1916 salso
559 1885 735 1928 multoque
754 1885 869 1918 fluenti

105 1942 261 1974 expressa
277 1936 415 1968 arbusto
433 1937 554 1978 regerit
571 1938 736 1976 convicia,
759 1939 861 1971 durus

105 1984 332 2020 vindemiator
349 1993 381 2021 et
398 1989 556 2029 invictus,
578 1990 630 2021 cui
647 2000 749 2033 saepe
767 1991 875 2023 viator
1111 2011 1144 2035 30
