1458 2315
90 131 149 156 xv.
153 123 168 165 ]
354 123 630 155 CARMJNUM
652 123 797 154 LIBER
824 125 871 155 JJ.
1093 134 1133 165 55

312 200 468 232 absumet
483 199 582 232 heres
598 199 759 232 Caecuba
774 199 909 242 dignior

312 258 445 286 servata
460 257 597 285 centum
613 252 776 292 clavibus,
798 258 830 285 et
846 264 941 286 mero

267 300 270 302 ¹
356 306 487 347 tinguet
503 306 738 348 pavimentum
754 305 911 348 superbo,

402 358 603 401 pontificum
620 358 753 402 potiore
768 359 870 392 cenis·

90 619 170 653 XV.
254 662 256 664 v
323 620 398 652 AM
416 630 524 663 pauca
539 625 651 653 aratro
667 618 784 663 iugera
800 620 912 664 regiae

343 673 451 706 moles
467 674 657 717 relinquent
671 685 681 714 3
705 674 854 717 undique
871 674 972 707 latius

290 725 300 745 ¹
311 730 449 760 extenta
464 726 614 759 visentur
631 726 780 759 Lucrino

355 784 475 822 stagna
490 779 576 820 lacu,
597 779 822 823 platanusque
839 779 973 813 caelebs

264 908 397 942 evincet
413 909 523 942 ulmos
537 921 547 950 ;
571 914 643 942 tum
659 909 800 942 violaria
816 914 850 943 et

265 968 395 1005 myrtus
411 967 444 995 et
461 963 571 995 omnis
587 963 687 1006 copia
702 963 836 995 narium

310 1019 470 1058 spargent
487 1015 620 1048 olivetis
637 1015 777 1048 odorem

355 1067 522 1100 fertilibus
538 1068 679 1101 domino
695 1068 800 1111 priori
814 1079 826 1107 ς

267 1199 339 1228 tum
355 1195 462 1238 spissa
477 1196 579 1229 ramis
596 1196 709 1228 laurea
726 1196 873 1229 fervidos

268 1247 425 1281 excludet
441 1249 536 1281 ictus.
587 1259 657 1280 non
673 1248 721 1280 ita
739 1248 878 1281 Romuli
1097 1263 1133 1284 10

309 1300 554 1343 praescriptum
575 1305 608 1332 et
624 1300 749 1333 intonsi
767 1301 909 1334 Catonis

354 1353 511 1396 auspiciis
528 1358 746 1396 veterumque
762 1364 891 1387 norma.

261 1481 413 1524 privatus
430 1481 496 1514 illis
512 1492 631 1515 census
647 1487 718 1515 erat
734 1482 855 1522 brevis,

264 1544 445 1567 commune
460 1545 622 1577 magnum
638 1547 645 1568 :
670 1535 764 1567 nulla
780 1535 996 1579 decempedis

307 1591 435 1620 metata
449 1588 590 1630 privatis
606 1599 748 1630 opacam

351 1640 501 1682 porticus
517 1641 708 1684 excipiebat
724 1641 864 1682 Arcton,

262 1777 326 1800 nec
341 1765 517 1800 fortuitum
534 1779 690 1811 spernere
707 1769 890 1811 caespitem

263 1819 356 1862 leges
371 1820 536 1859 sinebant,
558 1821 687 1863 oppida
701 1822 841 1864 publico

306 1877 444 1914 sumptu
461 1872 615 1906 iubentes
632 1878 664 1905 et
680 1873 823 1906 deorum

351 1924 481 1968 templa
496 1935 586 1959 novo
603 1925 761 1959 decorare
777 1936 869 1959 saxo.
1093 1943 1127 1960 20
