1410 2283
310 1186 417 1221 XIII.

591 134 626 173 Q.
660 131 852 164 HORATI
875 131 1048 163 FLACC!
1246 130 1325 172 [ΧΠ.

433 219 534 252 quam
552 218 613 240 uec
631 207 714 240 serre
729 206 853 250 pedem
869 205 1026 240 dedecuit
1041 204 1152 239 choris

435 272 495 294 nec
513 267 638 293 certare
655 260 729 292 ioco
745 269 806 292 nec
822 259 902 291 dare
917 257 1075 291 bracchia

438 313 608 346 ludentem
626 312 741 344 nitidis
757 310 943 353 virginibus
958 320 1054 343 sacro

526 366 657 397 Dianae
673 363 816 397 celebris
829 363 896 396 die.
1303 375 1337 393 πο

438 504 517 525 num
536 499 569 525 tu
586 503 672 535 quae
689 492 794 524 tenuit
811 491 906 524 dives
923 489 1157 523 Achaemenes

437 552 493 577 aut
511 544 643 587 pinguis
662 543 826 586 Phrygiae
843 542 1045 585 Mygdonias
1060 551 1144 585 opoe

439 603 628 639 permutare
644 595 727 628 velis
743 595 833 628 crine
852 593 1056 637 Licymniae,

527 648 644 691 plenas
659 653 715 680 aut
734 647 884 680 Arabum
901 647 1045 679 domos?

441 776 522 809 dum
540 775 714 818 flagrantia
729 774 904 817 detorquet
921 773 965 805 ad
981 772 1095 805 oscula.

441 829 617 867 cervicem,
636 832 693 859 aut
710 826 798 859 sacili
814 824 955 858 saevitia
970 829 1070 867 negat

442 891 527 924 quae
543 884 702 923 poscente
719 878 825 920 magis
840 877 985 920 gaudeat
1001 875 1096 920 eripi,

528 931 698 966 interdum
715 941 831 974 rapere
847 934 1001 973 occupat.

499 1185 591 1218 LLE
608 1190 639 1218 et
656 1184 786 1218 nefasto
803 1189 835 1217 te
851 1183 962 1227 posuit
977 1183 1034 1216 die

518 1240 720 1282 quicumque
736 1237 893 1280 primum,
912 1240 945 1268 et
961 1235 1123 1278 sacrilega
1138 1243 1243 1269 manu

487 1291 654 1335 produxit,
674 1289 783 1328 arbos,
803 1289 837 1320 in
854 1293 1015 1331 nepotum

531 1343 711 1387 pernicicm
727 1341 1012 1384 opprobriumque
1028 1339 1107 1383 pagi
1121 1350 1132 1379 ς

444 1471 539 1504 illum
555 1476 587 1503 et
605 1470 751 1513 parentis
766 1469 965 1502 crediderim
981 1467 1032 1500 sui

444 1523 580 1566 fregisse
594 1523 757 1555 cervicem
773 1526 806 1555 et
822 1520 1008 1565 penetralia

487 1575 646 1618 sparsisse
662 1579 826 1607 nocturno
842 1583 959 1606 cruore
1399 1595 1402 1599 .

537 1627 678 1670 hospitis
694 1638 703 1665 3
727 1626 784 1659 ine
801 1635 930 1658 venena
946 1622 1077 1658 Colcha
1398 1646 1410 1706 1

445 1760 478 1788 et
495 1753 654 1797 quicquid
671 1763 812 1797 mquam
828 1750 1016 1795 concipitur
1030 1747 1124 1783 nefas

446 1807 609 1846 tractavit,
630 1817 712 1849 agro
727 1806 786 1849 qui
802 1805 918 1838 statuit
933 1813 1011 1836 meo
1310 1814 1344 1833 ιο

490 1863 523 1890 te
539 1857 632 1890 triste
649 1857 790 1900 lignum,
809 1860 843 1888 te
859 1854 1023 1888 caducum

532 1908 567 1940 in
583 1908 713 1942 domini
729 1912 831 1951 caput
847 1905 1064 1940 immerentis.
