1410 2283
255 151 315 173 220
527 141 561 181 Q.
595 141 726 172 ΗΘΚΛ
736 140 786 171 TI
810 138 982 171 FLACCI
1200 135 1276 178 [vn.

256 218 387 250 vinctus
403 227 469 255 eas,
490 217 536 249 ita
553 222 584 249 te
601 216 731 249 felicem
746 215 831 248 dicis
846 224 1007 259 amasque

255 269 346 313 quod
363 280 527 312 nusquam
546 269 605 301 tibi
620 269 661 301 sit
679 268 877 314 potandum.
926 265 1059 300 iusserit
1074 264 1119 300 ad
1134 276 1171 300 se

257 323 437 355 Maecenzm
454 332 562 354 serum
580 321 642 353 sub
658 320 784 353 lumina
801 320 910 364 prima
926 319 1040 353 venire

256 374 433 407 convivam
450 386 457 406 :
486 375 509 389 ‘⁴
522 384 645 406 nemon
661 372 773 406 oleum
791 372 853 405 sert
869 371 988 404 ocius?
1009 370 1124 414 ecquis

256 427 348 459 audit
363 425 405 458 ?’'
422 436 498 458 cum
516 436 641 467 magno
657 425 804 457 blateras
819 424 966 457 clamore
984 422 1147 467 fugisque.

260 479 407 512 Mulvius
424 484 455 511 et
473 489 603 511 scurrae
620 477 679 510 tibi
698 488 765 510 non
782 476 955 510 reserenda
970 475 1096 519 precati

258 531 446 563 discedunt.
501 531 524 547 ⁸·
537 530 661 563 etenim
679 529 784 562 fateor
800 539 854 562 me
866 527 885 541 ’²
901 528 1022 561 dixerit
1038 527 1096 561 ille

263 583 372 616 “duci
392 589 504 616 ventre
522 582 652 621 levem;
676 592 794 614 nasum
811 581 928 614 nidore
944 580 1093 624 supinor,

260 636 460 674 imbecillus,
481 636 577 674 iners,
599 634 709 677 siquid
727 634 788 673 vis,
807 633 905 673 adde,
926 633 1065 676 popino.

260 694 295 721 tu
312 699 387 721 cum
404 689 448 721 sis
464 688 554 731 quod
572 698 636 730 ego
651 693 684 720 et
701 686 849 719 fortassis
865 685 1016 728 nequior,
1034 684 1122 717 ultro
1252 696 1288 722 ⁴0

262 741 422 773 insectere
440 741 529 773 velut
547 740 666 771 melior
682 738 860 780 verbisque
875 737 1006 770 decoris

261 793 423 825 obvolvas
440 793 556 824 vitium
568 791 611 823 ?⁷'
636 791 730 833 quid,
747 790 775 822 si
792 800 845 821 me
861 788 994 821 stultior
1009 787 1084 831 ipso

261 845 453 888 quingentis
468 850 584 887 empto
599 842 766 875 drachmis
782 840 1023 884 deprenderis?
1045 839 1138 872 aufer

262 909 316 930 me
333 897 425 929 voltu
441 902 561 929 terrere
576 907 585 934 ;
609 905 747 927 manum
764 892 1041 934 stomachumque
1057 894 1181 930 teneto,

261 950 342 982 dum
359 960 444 992 quae
461 947 608 990 Crispini
626 946 739 979 docuit
756 956 809 978 me
826 945 948 977 ianitor
963 944 1040 977 edo.

263 1007 296 1035 te
312 1003 458 1034 coniunx
474 1000 583 1032 aliena
599 999 701 1041 capit,
720 996 931 1030 meretricula
947 996 1094 1028 Davum.

262 1060 379 1098 peccat
396 1058 470 1085 uter
485 1057 636 1084 nostrum
652 1061 750 1083 cruce
765 1049 924 1092 dignius?
945 1048 1030 1081 acris
1045 1046 1103 1079 ubi
1119 1057 1173 1079 me

263 1113 381 1139 natura
398 1104 551 1142 intendit,
572 1103 634 1135 sub
645 1102 736 1135 clara
751 1101 842 1133 nuda
858 1100 993 1133 lucerna

263 1168 493 1202 quaecumque
510 1155 641 1198 excepit
659 1153 821 1196 turgentis
836 1152 975 1186 verbera
989 1151 1128 1188 caudae.

263 1211 417 1245 clunibus
433 1215 489 1242 aut
505 1208 645 1251 agitavit
661 1217 784 1249 equum
801 1205 925 1238 lasciva
940 1204 1108 1248 supinum,

264 1264 402 1297 dimittit
420 1273 529 1305 neque
543 1261 706 1293 famosum
724 1269 833 1302 neque
849 1257 1032 1290 sollicitum
1047 1266 1091 1290 ne

265 1317 366 1349 ditior
382 1320 438 1347 aut
456 1315 582 1347 formae
598 1312 746 1345 melioris
762 1311 863 1343 meiat
879 1310 1010 1343 eodem.

265 1373 300 1401 tu
316 1379 393 1401 cum
411 1366 566 1410 proiectis
583 1364 781 1407 insignibus,
800 1362 903 1395 anulo
918 1361 1064 1405 equestri

267 1421 491 1462 Romanoque
506 1418 635 1455 habitu,
655 1415 770 1459 prodis
785 1426 826 1448 ex
843 1414 953 1447 iudice
970 1413 1083 1446 Dama

265 1474 384 1516 turpis,
404 1472 581 1504 odoratum
597 1475 697 1512 caput
713 1468 912 1501 obscurante
928 1466 1072 1505 lacerna,

265 1536 334 1558 non
351 1536 386 1557 es
402 1524 491 1567 quod
510 1522 668 1554 simulas?
690 1525 843 1552 metuens
859 1517 1026 1551 induceris
1041 1522 1144 1561 atque

266 1578 449 1611 altercante
465 1574 662 1608 libidinibus
678 1572 792 1605 tremis
808 1581 884 1603 ossa
899 1580 1034 1613 pavore.

267 1630 348 1673 quid
366 1628 475 1668 refert,
495 1627 545 1660 uri
563 1626 663 1668 virgis
679 1625 832 1666 ferroque
848 1622 960 1655 necari

268 1687 459 1716 auctoratus
475 1691 532 1713 eas
548 1690 591 1712 an
609 1678 698 1721 turpi
714 1677 845 1709 clausus
861 1675 896 1707 in
913 1685 1000 1714 arca,

268 1746 336 1778 quo
352 1740 385 1767 te
400 1733 535 1766 demisit
550 1730 679 1774 peccati
695 1728 829 1762 conscia
844 1727 944 1766 erilis,

268 1792 476 1820 contractum
492 1784 634 1827 genibus
651 1787 769 1824 tangas
784 1785 885 1823 mput
897 1781 913 1812 ?
936 1784 1031 1813 estne
1046 1778 1168 1812 marito

269 1845 441 1872 matronae
457 1836 627 1880 peccantis
643 1836 678 1867 in
693 1833 795 1866 ambo
812 1833 898 1865 iusta
914 1832 1088 1875 potestas?

269 1891 305 1923 in
320 1896 548 1933 corruptorem
563 1889 618 1921 vel
635 1887 761 1920 iustior.
811 1884 870 1917 illa
887 1889 1000 1917 tamen
1015 1894 1052 1916 se

269 1953 339 1976 non
353 1942 470 1975 habitu
487 1946 636 1974 mutatve
653 1939 730 1972 loco
746 1941 902 1982 pecmtve
917 1945 1070 1980 superne,
