1458 2315
72 136 114 178 ι.]
285 137 648 168 EPISTULARUM
670 137 816 167 LIBER
843 137 891 167 II.
1054 138 1113 177 263

70 213 132 246 sed
148 217 226 246 tuus
240 213 297 246 hic
313 213 472 257 populus,
494 213 630 257 sapiens
648 216 681 246 et
698 213 805 246 iustus
822 213 858 245 in
875 223 944 245 uno

72 270 108 299 te
122 266 246 299 nostris
262 266 418 305 ducibus,
437 271 470 298 te
488 266 588 299 Grais
606 266 837 306 anteferend0‚

73 324 185 352 cetera
199 329 416 362 nequaquam
433 319 536 351 simili
555 319 686 351 ratione
701 319 873 360 modoque
954 313 963 318 ⁹
1081 333 1115 350 20

73 372 242 411 aestimat,
263 378 297 404 et
313 372 379 404 nisi
397 383 484 414 quae
502 372 599 404 terris
616 376 746 404 semota
763 372 898 414 suisque

74 425 284 468 temporibus
300 424 460 457 defuncta
477 424 583 463 videt,
605 423 735 456 fastidit
752 430 785 456 et
802 424 885 462 odit,

74 478 123 510 sic
138 478 250 510 fautor
265 482 428 516 veterum,
449 482 486 509 ut
502 476 637 509 tabulas
654 487 800 519 peccare
813 476 958 509 vetantis

75 540 159 573 quas
174 530 228 562 bis
244 530 395 573 quinque
411 530 473 562 viri
491 535 686 569 sanxerunt,
706 529 844 562 foedera
862 540 980 572 regum

75 582 130 616 vel
145 582 266 616 Gabiis
283 582 336 615 vel
352 593 429 615 cum
445 582 561 625 rigidis
577 588 722 625 aequata
742 582 888 621 Sabinis,

75 635 276 678 pontificum
292 635 406 675 libros,
427 646 555 668 annosa
572 635 746 668 volumina
763 640 882 667 vatum

75 688 208 721 dictitet
224 687 364 720 Albano
380 687 498 720 Musas
516 688 550 720 in
567 693 683 720 monte
700 687 843 720 locutas.

76 741 114 781 si,
135 741 215 784 quia
231 741 412 774 Graiorum
428 745 505 774 sunt
521 741 756 784 antiquissima
773 751 927 784 quaeque

75 794 201 837 scripta
215 793 270 826 vel
285 793 426 837 optima,
448 794 596 827 Romani
613 799 799 836 pensantur
816 794 936 826 eadem

76 846 256 889 scriptores
272 846 407 885 trutina,
426 857 496 878 non
513 851 562 878 est
580 846 672 889 quod
690 846 798 878 multa
813 846 994 888 loquamur
1011 857 1018 878 :
1084 860 1118 884 30

76 899 126 932 nil
141 900 230 932 intra
246 903 296 932 est
312 899 434 939 oleam,
453 899 502 931 nil
520 904 615 932 extra
630 903 681 932 est
697 899 732 931 in
749 909 835 931 nuce
853 899 928 931 duri
945 911 955 938 ;

76 952 231 985 venimus
247 951 291 984 ad
307 962 476 984 summum
493 951 646 984 fortunae
660 963 669 991 ;
694 952 864 994 pingimus
881 957 984 994 atque

77 1004 253 1048 psallimus
270 1009 303 1037 et
319 1004 485 1036 luctamur
501 1004 644 1036 Achivis
662 1004 796 1037 doctius
813 1004 934 1037 unctis.

71 1057 107 1090 ‚si
122 1057 264 1089 meliora
280 1056 363 1095 dies,
384 1062 420 1088 ut
437 1056 526 1094 vina,
547 1061 706 1098 poemata
723 1057 844 1095 reddit,

79 1109 164 1142 scire
179 1108 294 1148 velim,
313 1108 438 1141 chartis
455 1108 600 1151 pretium
618 1113 742 1150 quotus
759 1109 899 1151 adroget
918 1119 1036 1142 annus.

79 1162 221 1204 scriptor
236 1161 361 1194 abhinc
378 1171 484 1193 annos
500 1166 636 1193 centum
653 1161 712 1203 qui
730 1161 869 1200 decidit,
892 1162 979 1194 inter

79 1214 246 1258 perfectos
260 1218 461 1255 veteresque
480 1213 595 1246 referri
614 1213 716 1246 debet
734 1225 776 1246 an
794 1214 881 1246 inter

80 1267 158 1299 vilis
173 1271 274 1309 atque
292 1267 424 1298 novos?
447 1266 604 1299 excludat
622 1266 730 1309 iurgia
748 1266 835 1299 finis.

83 1321 93 1337 ‘
107 1325 157 1353 est
173 1325 269 1352 vetus
285 1324 386 1362 atque
403 1319 529 1362 probus
545 1324 680 1351 centum
699 1320 756 1363 qui
774 1320 907 1362 perficit
925 1319 1057 1354 annos.'

80 1373 191 1416 quid?
213 1372 271 1414 qui
287 1372 431 1415 deperiit
449 1372 560 1404 minor
578 1382 644 1404 uno
662 1383 776 1405 mense
794 1373 847 1405 vel
865 1384 966 1414 anno,
1085 1389 1121 1413 40

81 1426 169 1459 inter
184 1436 269 1468 quos
285 1424 478 1458 referendus
493 1425 556 1458 erit
570 1427 584 1458 ?
607 1431 782 1458 veteresne
800 1431 928 1468 poetas,

82 1489 127 1511 an
142 1488 227 1521 quos
243 1482 276 1510 et
293 1487 451 1520 praesens
467 1482 500 1510 et
518 1484 654 1520 postera
672 1483 807 1520 respuat
824 1480 942 1511 aetas?

86 1532 95 1547 ‘
110 1531 172 1563 iste
188 1530 326 1572 quidem
342 1535 471 1562 veteres
488 1530 575 1562 inter
592 1536 737 1572 ponetur
754 1530 907 1569 honeste,

82 1583 141 1626 qui
158 1583 211 1616 vel
228 1593 342 1615 mense
357 1582 451 1614 brevi
469 1582 522 1614 vel
540 1588 612 1614 toto
630 1588 678 1615 est
697 1583 808 1614 iunior
825 1582 942 1616 anno.'

85 1641 161 1668 utor
176 1635 350 1678 permiSSO‚
370 1635 566 1677 caudaeque
584 1635 674 1677 pilos
690 1640 726 1666 ut
745 1635 888 1677 equinae

83 1688 261 1732 paullatim
279 1687 368 1719 vello
384 1693 416 1719 et
434 1687 535 1719 demo
553 1698 667 1726 unum,
688 1687 789 1719 demo
806 1695 838 1719 et
857 1688 935 1720 item
954 1699 1068 1728 unum,

82 1739 164 1771 dum
182 1739 280 1771 cadat
297 1738 408 1770 elusus
424 1738 553 1769 ratione
569 1738 695 1769 ruentis
712 1738 834 1776 acervi,

83 1792 141 1835 qui
158 1791 245 1824 redit
261 1791 295 1822 in
312 1790 415 1822 fastos
431 1796 464 1823 et
482 1790 637 1822 virtutem
655 1790 809 1822 aestimat
827 1791 933 1830 annis,

84 1845 289 1886 miraturque
306 1843 390 1875 nihil
407 1842 470 1875 nisi
488 1843 578 1885 quod
597 1842 747 1874 Libitina
765 1843 916 1876 sacravit.

86 1896 218 1929 Ennius
233 1901 266 1929 et
284 1895 418 1938 sapiens
434 1901 467 1927 et
485 1895 578 1927 sortis
597 1901 628 1927 ct
646 1895 731 1926 alter
750 1895 933 1936 Homerus,
1094 1913 1127 1936 50

83 1954 120 1982 ut
136 1948 243 1982 critici
260 1948 387 1988 dicunt,
410 1947 528 1980 leviter
543 1958 657 1980 curare
675 1947 806 1980 videtur
