1458 2315
107 124 228 166 xxm]

356 126 634 157 CARMINUM
656 126 802 156 LIBER
829 127 896 157 Ill.

288 202 400 245 fruges
415 206 449 235 et
467 202 626 236 Cererem
642 202 768 243 ferunt,

245 269 308 291 nec
324 259 456 292 cultura
471 258 584 301 placet
601 259 735 301 longior
750 269 875 299 annua,

288 311 551 354 defunctumque
567 312 742 345 laboribus

243 364 377 408 aequali
394 370 522 397 recreat
537 370 627 398 sorte
644 365 797 398 vicarius.

286 462 357 496 illic
373 467 482 496 matre
501 464 694 497 carentibus

243 516 406 560 privignis
422 517 545 550 mulier
560 522 727 560 temperat
744 518 918 558 innocens,

286 581 350 604 nec
365 571 483 603 dotata
499 572 584 614 regit
601 571 710 603 virum

241 624 390 656 coniunx
405 635 468 657 nec
484 625 593 657 nitido
610 624 683 657 fidit
699 623 864 657 adultero.

287 728 348 761 dos
365 732 415 761 est
432 739 556 770 magna
572 728 765 771 parentium

241 781 346 814 virtus
363 785 396 814 et
412 787 566 814 metuens
583 782 718 814 alterius
735 781 799 814 viri

285 839 378 868 certo
395 835 532 868 foedere
549 835 695 874 castitas,

240 891 274 921 et
289 899 430 931 peccare
446 888 539 920 nefas
556 893 613 921 aut
631 888 778 932 pretium
795 893 844 922 est
862 888 959 923 mori.

284 1002 307 1026 0
319 993 470 1037 quisquis
487 993 577 1026 volet
594 993 716 1036 impias

242 1047 355 1078 caedis
371 1052 405 1079 et
422 1046 551 1079 rabiem
570 1047 688 1079 tollere
706 1046 860 1084 civicam,
878 1057 881 1059 ·

286 1099 315 1132 si
331 1104 470 1141 quaeret
488 1101 587 1132 Pater
605 1100 753 1132 Urbium

242 1152 409 1185 subscribi
427 1152 555 1192 statuis,
574 1153 773 1185 indomitam
792 1154 915 1186 audeat

292 1255 459 1289 refrenare
478 1255 660 1295 licentiam,

243 1309 352 1342 clarus
369 1310 570 1352 postgenitis
588 1322 594 1341 :
620 1313 795 1352 quatenus,
816 1310 882 1342 heu
899 1309 1004 1350 nefas,

289 1362 446 1394 virtutem
464 1362 669 1395 incolumem
686 1362 830 1402 odimus,

243 1415 412 1448 sublatam
429 1426 469 1448 ex
487 1415 593 1447 oculis
610 1415 803 1458 quaerimus
820 1415 939 1449 invidi.

286 1524 369 1567 quid
388 1524 497 1557 tristes
514 1523 757 1566 querimoniae,

241 1577 269 1610 si
283 1588 352 1610 non
369 1577 537 1620 supplicio
553 1576 652 1619 culpa
670 1576 840 1615 reciditur,

287 1630 369 1673 quid
387 1630 478 1671 leges
496 1629 567 1661 sine
586 1629 735 1661 moribus

241 1693 347 1716 vanae
364 1682 555 1726 proficiunt,
576 1682 603 1714 si
620 1692 729 1725 neque
746 1681 883 1714 fervidis

287 1797 364 1829 pars
382 1787 510 1818 inclusa
527 1786 694 1819 caloribus

241 1839 371 1880 mundi,
391 1850 453 1872 nec
472 1841 600 1872 Boreae
618 1839 797 1871 finitimum
814 1837 902 1872 latus

285 1892 492 1936 durataeque
509 1892 582 1925 solo
599 1893 693 1925 nives

240 1951 462 1979 mercatorem
480 1945 632 1989 abigunt,
653 1946 790 1978 horrida
806 1945 921 1978 callidi

1122 138 1162 167 93

1127 640 1161 656 20

1123 1962 1158 1985 40
