1410 2283
295 130 353 167 178
577 128 611 165 0.
643 126 831 157 HORATI
854 126 1024 157 FLACCI
1257 125 1305 157 [ν.

293 213 370 234 nam
388 213 471 244 vaga
489 213 546 244 per
565 207 705 233 veterem
722 201 853 243 dilapso
871 200 1004 232 flamma
1020 199 1165 232 culinam

292 255 433 286 volcano
451 264 615 285 summum
634 253 830 295 properabat
849 253 995 284 lambere
1012 256 1146 284 tectum.

291 307 447 338 convivas
464 306 578 337 avidos
597 316 712 337 cenam
730 311 906 347 servosque
923 304 1070 337 timentis

292 363 362 390 tum
381 369 493 400 rapere
511 364 608 399 atque
626 357 732 388 omnis
751 357 951 398 restinguere
968 356 1054 390 velle
1070 356 1208 388 videres.

291 410 405 451 incipit
424 421 462 441 ex
481 410 538 441 illo
556 415 683 441 montes
701 409 823 451 Apulia
842 414 937 441 notos

291 468 456 494 ostentare
475 462 564 498 mihi,
586 472 668 504 quos
686 466 784 493 torret
804 461 979 499 Atabulus,
1001 465 1033 493 et
1050 471 1134 504 quos

291 525 470 556 numquam
489 524 685 555 ercpscmus,
708 513 768 544 nisi
787 523 848 545 nos
865 513 972 545 vicina
990 513 1114 545 Trivici

291 566 369 597 villa
387 566 571 608 recepisset,
592 565 766 596 lacrimoso
783 575 849 597 non
866 566 936 598 sine
955 565 1055 604 sumo,
1276 571 1310 596 80

291 617 374 649 udos
391 628 464 649 cum
483 617 568 648 soliis
587 627 694 648 ramos
711 623 825 648 urente
843 617 984 649 camino.

291 669 345 701 hic
362 680 424 710 ego
441 669 633 700 mendacem
651 668 861 700 stultissimus
881 679 982 710 usque
1000 668 1148 711 puellam

290 721 330 752 ad
351 721 491 752 mediam
509 726 640 751 noctem
658 726 813 761 exspecto
828 732 836 750 ι
862 730 997 752 somnus
1017 724 1127 752 tamen
1144 718 1250 752 aufert

291 773 453 804 intentum
470 771 579 803 veneri
596 783 603 802 t
629 778 698 803 tum
717 772 888 803 immundo
908 772 1036 803 somnia
1051 771 1123 803 visu

289 830 483 856 nocturnam
501 829 623 854 vestem
643 823 808 854 maculant
828 829 1043 866 ventremque
1061 823 1228 865 supinum.

290 882 443 918 quattuor
460 874 536 905 hinc
554 874 698 915 rapimur
716 874 831 916 viginti
851 880 881 906 et
900 874 992 906 milia
1008 875 1127 913 raedis,

290 927 434 959 mansuri
452 926 622 968 oppidulo,
645 926 732 968 quod
753 937 845 957 versu
865 927 974 958 (licere
988 937 1055 958 non
1073 931 1133 965 est,

290 979 392 1021 signis
409 978 561 1020 perfacile
579 984 636 1009 cst.
688 978 776 1009 venit
796 978 954 1010 vilissima
971 989 1079 1010 rerum

288 1031 342 1062 hic
359 1041 443 1072 aqua
460 1041 468 1067 ;
492 1030 548 1061 sed
566 1029 660 1071 panis
679 1029 775 1071 longe
794 1030 1046 1072 pulcherrimus,
1066 1030 1153 1062 ultra

288 1083 426 1115 callidus
444 1089 476 1113 ut
494 1082 596 1113 soleat
615 1082 735 1113 umeris
754 1088 886 1124 portare
904 1082 1011 1114 viator
1028 1094 1036 1113 z
1273 1095 1308 1120 90

288 1146 366 1166 nam
385 1134 507 1166 Canusi
529 1133 707 1175 lapidosus,
731 1144 835 1176 aquae
855 1144 922 1165 non
939 1134 1038 1166 ditior
1054 1143 1137 1166 urna

289 1187 345 1229 qui
363 1186 452 1218 locus
469 1196 487 1216 a
507 1185 580 1217 sorti
602 1185 764 1217 Diomede
781 1190 829 1217 est
849 1185 1002 1217 conditus
1019 1185 1111 1220 olim.

288 1239 442 1270 flentibus
458 1238 534 1269 hinc
552 1237 672 1269 Varius
689 1238 830 1270 discedit
849 1242 994 1272 maestus
1011 1238 1138 1275 amicis.

287 1291 364 1322 inde
383 1290 497 1321 Rubos
514 1289 588 1321 sessi
607 1290 826 1331 pervenimus,
849 1295 964 1332 utpote
980 1290 1119 1332 longum

288 1349 458 1384 carpentes
476 1342 536 1373 iter
552 1348 583 1373 et
603 1342 725 1374 sactum
743 1342 930 1384 corruptius
947 1342 1058 1378 imbri.

286 1401 416 1437 postera
433 1400 611 1436 tempestas
626 1395 753 1433 melior,
774 1395 828 1427 via
846 1395 940 1437 peior
956 1395 1000 1428 ad
1016 1405 1120 1436 usque

288 1447 364 1478 Bari
381 1447 512 1478 moenia
529 1446 660 1488 piscosi.
709 1446 785 1478 dein
805 1447 929 1479 Gnatia
945 1447 1092 1489 lymphis

287 1499 376 1530 iratis
394 1503 558 1529 exstructa
576 1498 666 1529 dedit
686 1498 835 1540 risusque
851 1498 1021 1541 iocosque,

285 1551 364 1582 dum
383 1549 516 1581 flamma
532 1550 603 1581 sine
622 1556 693 1581 tura
710 1549 894 1591 liquescere
911 1549 1026 1587 limine
1042 1559 1137 1588 sacro

286 1602 481 1644 persuadere
498 1601 599 1644 cupit.
652 1601 765 1633 credat
783 1601 929 1634 Iudaeus
949 1601 1081 1644 Apella,
1257 1616 1306 1635 ιοο

284 1665 351 1685 non
367 1664 440 1695 ego.
491 1663 636 1695 namque
653 1653 734 1685 deos
751 1653 854 1685 didici
872 1663 1024 1686 securum
1039 1663 1138 1695 agere
1154 1662 1285 1691 aevum,

283 1716 344 1737 nec
361 1705 470 1747 siquid
487 1705 560 1736 miri
579 1705 677 1736 faciat
695 1709 822 1743 natura,
844 1705 925 1736 deos
940 1704 976 1736 id

283 1757 384 1789 tristis
400 1767 440 1788 ex
457 1757 526 1788 alto
545 1756 627 1788 caeli
646 1756 824 1788 demittere
840 1761 939 1788 tecto.

283 1808 497 1841 Brundisium
515 1808 633 1849 longae
653 1807 727 1840 finis
745 1808 946 1851 chartaeque
963 1807 1101 1850 viaeque
1117 1811 1177 1840 est.

1228 2151 1410 2283 „A
