1410 2283
290 153 348 182 234
575 144 611 182 Q.
642 143 772 173 HORA
781 143 831 174 Τ]
854 141 1024 175 FLACCI
1258 142 1311 184 [n.

287 218 411 252 labitur
430 222 462 249 et
479 217 609 250 labetur
625 219 659 250 in
675 228 775 250 omne
790 218 946 251 volubilis
962 229 1091 251 aevum.

287 272 456 317 quaeritur
475 276 648 312 argentum
667 270 843 312 puerisque
860 271 958 302 beata
975 271 1126 303 creandis

286 337 377 364 uxor,
399 329 431 356 et
451 323 596 354 incultae
614 327 776 364 pacantur
792 333 928 354 vomere
944 322 1059 355 silvae.

287 379 376 421 quod
393 377 470 409 satis
490 381 538 407 est
558 375 609 406 cui
628 374 802 416 contingit,
823 374 907 406 nihil
923 374 1067 417 amplius
1083 379 1187 418 optet.

286 443 352 463 non
369 431 487 462 domus
506 433 538 460 et
559 427 689 464 fundus,
711 437 778 458 non
795 427 880 459 aeris
897 437 1033 459 acervus
1049 432 1081 460 et
1097 427 1168 460 auri

286 490 423 526 aegroto
440 480 568 514 domini
591 479 729 510 deduxit
747 489 886 520 corpore
903 478 1013 518 febris,

286 547 353 568 non
371 536 483 567 animo
499 543 593 566 curas
610 545 616 564 :
646 531 754 562 valeat
773 541 943 572 possessor
959 535 1102 573 oportet,

286 589 313 621 si
331 587 547 630 comportatis
566 585 663 617 rebus
685 583 770 614 bene
789 582 913 625 cogitat
931 583 988 615 uti.
1280 596 1316 621 50

286 643 342 684 qui
361 641 448 682 cupit
467 645 522 671 aut
539 637 666 675 metuit,
692 636 782 667 iuvat
799 635 892 666 illum
910 635 956 667 sic
971 635 1091 668 domus
1106 639 1138 668 et
1154 644 1206 668 res

286 700 321 725 ut
338 694 466 735 lippum
484 692 591 734 pictae
608 688 754 726 tabulae,
775 687 922 719 fomenta
938 687 1134 729 podagrum,

286 746 448 778 aurIculas
465 744 610 776 citharae
632 741 773 773 collecta
790 739 886 770 sorde
903 739 1057 770 dolentis.

286 799 450 830 sincerum
469 802 516 828 est
535 795 597 826 nisi
617 804 684 832 vas,
709 791 943 833 quodcumque
960 789 1107 822 infundis
1122 789 1254 822 acescit.

286 860 404 892 sperne
423 848 611 889 voluptates
631 858 637 877 z
662 849 759 876 nocet
779 847 893 884 empta
909 841 1024 874 dolore
1039 841 1203 884 voluptas.

286 912 414 943 semper
430 910 546 931 avarus
563 903 637 940 eget
657 910 664 929 z
689 902 815 928 certum
835 899 912 926 voto
929 899 1005 936 pete
1023 894 1134 927 finem.

286 954 417 985 invidus
435 952 569 984 alterius
587 949 757 982 macrescit
779 947 876 978 rebus
893 946 1015 988 opimis
1031 958 1039 979 :

286 1006 413 1038 invidia
432 1004 535 1037 Siculi
553 1013 621 1034 non
638 1002 793 1033 invenere
810 998 941 1040 tyranni

286 1058 392 1090 maius
408 1061 619 1088 tormentum.
668 1053 724 1095 qui
741 1062 808 1083 non
827 1049 1055 1082 moderabitur
1070 1049 1148 1088 irae,

286 1110 444 1142 infectum
461 1108 550 1139 volet
567 1117 637 1138 esse
655 1106 750 1137 dolor
767 1104 857 1146 quod
876 1103 1012 1134 suaserit
1025 1107 1058 1134 et
1074 1112 1179 1141 mens,
1281 1107 1316 1133 60

287 1163 367 1194 dum
384 1171 509 1203 poenas
526 1159 604 1191 odio
623 1169 681 1200 per
699 1157 767 1188 vim
784 1156 918 1188 festinat
936 1154 1054 1186 inulto.

287 1215 335 1246 ira
349 1214 437 1245 suror
452 1212 561 1243 brevis
579 1216 625 1243 est
640 1223 648 1242 :
677 1210 825 1241 animum
843 1218 919 1250 rege
936 1218 945 1246 ;
970 1207 1027 1249 qui
1043 1205 1107 1238 nisi
1123 1209 1229 1248 paret,

287 1267 428 1307 imperat
444 1275 453 1303 ;
476 1264 566 1295 hunc
584 1262 694 1300 frenis,
714 1261 802 1292 hunc
820 1265 855 1292 tu
872 1268 1048 1301 compesce
1063 1262 1190 1290 catena.

289 1318 384 1358 fingit
400 1326 522 1358 equum
540 1320 654 1347 tenera
670 1313 814 1345 docilem
833 1312 960 1344 cervice
977 1310 1135 1352 magister

289 1371 336 1402 ire
352 1370 441 1400 viam
458 1379 524 1410 qua
539 1370 700 1398 monstret
720 1375 820 1407 eques
839 1377 847 1396 :
870 1362 1052 1400 venaticus,
1072 1372 1113 1393 ex
1128 1370 1196 1403 quo

292 1427 441 1463 tempore
460 1420 626 1452 cervinam
646 1417 770 1460 pellem
784 1415 917 1448 latravit
934 1415 968 1446 in
984 1413 1071 1452 aula,

290 1475 411 1506 militat
428 1473 462 1504 in
479 1471 568 1504 silvis
586 1470 722 1502 catulus.
770 1479 858 1501 nunc
874 1466 996 1499 adbibe
1013 1475 1097 1508 puro

292 1532 426 1569 pectore
443 1525 544 1557 verba
561 1534 652 1566 puer,
674 1531 762 1554 nunc
778 1526 811 1553 te
826 1519 1021 1552 melioribus
1037 1516 1128 1549 offer.

293 1588 359 1620 quo
376 1577 478 1609 semel
495 1580 544 1608 est
561 1576 688 1606 imbuta
705 1583 830 1612 recens,
850 1570 995 1604 servabit
1012 1569 1149 1602 odorem

295 1635 378 1662 testa
394 1629 461 1660 diu.
509 1627 628 1670 quodsi
645 1636 754 1658 cessas
770 1629 827 1656 aut
839 1630 991 1656 strenuus
1007 1620 1125 1659 anteis,
1285 1632 1319 1657 70

295 1692 357 1714 nec
374 1682 502 1714 tardem
520 1679 676 1723 opperior
692 1688 753 1711 nec
769 1674 1046 1720 praecedentibus
1061 1672 1161 1706 insto.
