1410 2283
293 158 353 186 274
571 147 606 185 Q.
639 145 768 177 ΗΘΚΛ
778 145 827 176 Tl
850 146 937 176 FLA
945 145 1020 177 cel

295 229 454 262 adsciscet
471 240 569 268 nova,
590 240 675 271 quae
691 229 822 271 genitor
837 228 1030 271 produxerit
1046 237 1133 260 usus.

296 292 431 314 vemens
448 287 479 313 et
493 282 637 323 liquidus
653 292 802 323 puroque
819 281 1007 312 simillimus
1023 280 1113 312 amni

295 334 409 365 fundet
427 344 507 374 opes
522 333 720 374 Latiumque
736 325 849 364 beabit
862 332 963 364 divite
979 332 1116 373 lingua;

296 385 494 416 luxuriantia
511 389 709 426 compescet,
729 384 829 415 nimis
845 394 962 425 aspera
978 394 1058 415 sano

296 437 419 468 levabit
436 436 537 474 cultu,
558 436 677 467 virtute
694 435 839 466 carentia
855 435 947 466 tollet
962 447 972 473 ;

298 489 440 520 ludentis
457 488 599 529 speciem
617 487 710 518 dabit
726 492 757 518 et
775 487 989 528 torquebitur,
1010 490 1046 518 ut
1062 486 1118 529 qui

298 551 385 572 nunc
404 540 568 581 Satyrum,
587 550 673 570 nunc
690 543 853 580 agrestem
867 538 1015 580 Cyclopa
1030 542 1191 570 movetur.

299 592 510 635 praetulerim
528 592 666 633 scriptor
683 591 805 622 delirus
822 590 973 631 inersque
990 589 1105 628 videri,

299 645 379 676 dum
397 654 469 675 mea
486 643 650 675 delectent
669 642 756 673 mala
772 652 826 673 me
843 641 895 673 vel
912 642 1055 684 denique
1071 640 1196 679 fallant,

300 707 400 738 quam
417 706 531 737 sapere
548 700 579 726 et
596 694 707 736 ringi?
730 694 789 725 suit
807 694 895 724 haud
913 693 1069 734 ignobilis
1086 692 1185 734 Argis

300 749 356 790 qui
374 759 408 779 se
425 747 579 779 credebat
597 747 697 777 miros
715 745 829 776 audire
846 745 1022 785 tragoedos

299 801 334 831 in
351 809 455 830 vacuo
471 798 575 830 laetus
592 808 697 829 sessor
714 797 912 838 plausorque
929 795 1057 827 theatro
1072 806 1083 834 ;

300 856 408 884 cetera
425 851 480 892 qui
498 850 584 881 vitae
602 853 745 881 servaret
762 848 875 879 munia
892 852 982 878 recto

300 914 402 941 more,
422 903 528 934 bonus
545 912 622 933 sane
639 901 775 938 vicinus,
795 899 947 931 amabilis
963 899 1095 940 hospes,

300 955 404 987 comis
419 954 453 985 in
470 964 617 991 uxorem,
639 956 750 994 posset
767 951 823 992 qui
838 951 1009 992 ignoscere
1025 949 1128 982 servis

301 1016 333 1038 et
346 1006 442 1047 signo
458 1005 548 1036 laeso
565 1015 632 1035 non
649 1003 791 1034 insanire
807 1003 978 1043 lagoenae,
997 1041 1000 1043 Δ

303 1062 413 1100 posset
430 1056 486 1098 qui
504 1066 618 1097 rupem
636 1060 667 1087 et
685 1060 821 1096 puteum
838 1054 942 1086 vitare
958 1057 1138 1095 patentem.

301 1110 355 1141 hic
371 1108 428 1140 ubi
444 1113 661 1148 cognatorum
678 1106 798 1148 opibus
814 1106 966 1147 curisque
982 1104 1122 1137 resectus

302 1160 428 1203 expulit
445 1159 592 1192 elleboro
609 1159 764 1189 morbum
780 1157 951 1199 bilemque
967 1167 1100 1189 meraco

303 1217 336 1245 et
352 1212 436 1244 redit
453 1211 496 1242 ad
513 1221 594 1248 sese,
620 1211 627 1225 ‘
640 1209 698 1252 pol
714 1219 767 1241 me
783 1209 960 1248 occidistis,
980 1208 1089 1247 amici,

303 1275 370 1296 non
387 1261 547 1295 servastis’
565 1263 621 1300 ait,
647 1261 718 1293 ‘cui
734 1261 779 1292 sic
797 1265 927 1292 extorta
944 1260 1099 1302 voluptas

285 1321 337 1364 „et
352 1316 506 1357 demptus
523 1324 581 1358 per
598 1314 665 1344 vim
681 1312 802 1344 mentis
818 1312 1024 1354 gratissimus
1041 1311 1154 1344 error.’

284 1368 286 1370 ’
305 1367 461 1398 nimirum
477 1376 590 1407 sapere
608 1370 656 1396 est
673 1364 810 1396 abiectis
826 1363 906 1395 utile
923 1364 1030 1406 nugis,

305 1424 337 1451 et
351 1418 582 1460 tempestivum
600 1417 708 1459 pueris
722 1416 902 1447 concedere
918 1415 1045 1454 ludum,

305 1482 343 1503 ac
359 1481 427 1502 non
441 1471 542 1502 verba
559 1469 650 1510 sequi
668 1469 788 1500 fidibus
804 1467 1008 1499 modulanda
1026 1468 1166 1506 Latinis,

307 1523 364 1554 sed
381 1532 476 1554 verae
492 1530 711 1561 numerosque
727 1519 910 1560 modosque
928 1519 1074 1551 ediscere
1089 1520 1188 1551 vitae.

307 1574 460 1616 quocirca
476 1583 605 1604 mecum
622 1572 740 1614 loquor
754 1571 836 1602 haec
854 1571 1038 1612 tacitusque
1055 1571 1210 1603 recordor
1227 1581 1235 1602 ε

307 1626 334 1657 si
352 1625 412 1657 tibi
428 1625 518 1656 nulla
535 1624 623 1655 sitim
640 1623 748 1654 finiret
767 1623 864 1664 copia
879 1622 1046 1664 lymphae,

307 1687 455 1709 narrares
471 1675 627 1708 medicis:
653 1674 743 1716 quod
760 1678 884 1716 quanto
901 1674 996 1716 plura
1012 1673 1136 1716 parasti

308 1733 401 1760 tanto
417 1728 512 1769 plura
527 1727 630 1768 cupis,
650 1725 777 1757 nulline
794 1725 925 1757 faterier
941 1725 1068 1757 audes?

311 1780 338 1811 si
354 1779 471 1811 volnus
486 1778 547 1810 tibi
563 1783 746 1810 monstrata
762 1777 873 1808 radice
889 1776 942 1808 vel
957 1777 1062 1809 herba

310 1841 379 1862 non
395 1831 486 1861 fieret
501 1829 615 1867 levius,
636 1828 766 1870 fugeres
783 1828 893 1860 radice
909 1828 962 1860 vel
977 1828 1082 1860 herba

311 1881 504 1923 proficiente
519 1880 602 1911 nihil
621 1879 782 1912 curarier:
806 1879 967 1918 audieras,
988 1879 1041 1911 cui

312 1943 381 1965 rem
399 1933 432 1964 di
449 1932 620 1970 donarent,
641 1931 691 1962 illi
707 1930 865 1963 decedere
881 1941 1019 1973 pravam

1264 293 1318 315 120,

1268 809 1281 826 ι
1285 809 1319 833 30

1272 1323 1321 1349 140

1279 1839 1328 1863 150
