1458 2315
80 112 131 152 v.]

311 106 603 154 ‚CARMINUM
626 103 772 134 LIBER
799 103 866 133 Ill.

266 186 276 202 ‘
286 184 428 228 derepta
443 182 514 216 vidi
530 192 540 222 ;
565 180 635 213 vidi
651 190 716 223 ego
731 178 858 212 civium

261 242 387 272 retorta
402 242 498 279 tergo
514 234 673 267 bracchia
689 233 809 272 libero,

306 295 489 335 portasque
505 299 575 321 non
592 287 733 326 clausas,
755 290 788 319 et
804 295 886 317 arva

352 344 465 376 Marte
481 342 547 375 coli
563 340 729 384 populata
743 343 870 372 nostro.

263 459 346 481 auro
362 457 524 490 repensus
540 445 667 478 scilicet
684 443 793 476 acrior

264 501 363 534 miles
378 500 512 533 redibit.
563 498 694 541 flagitio
711 495 836 529 additis

308 555 471 587 damnum
488 564 495 584 ε
519 562 628 594 neque
645 550 787 583 amissos
803 547 935 582 'colores

354 607 434 639 lana
449 605 549 638 refert
565 604 734 637 medicata
748 602 838 642 fuco,

265 722 329 744 nee
344 721 424 744 vera
439 709 555 749 virtus,
576 719 654 740 cum
670 706 775 740 semel
791 704 927 744 excidit,

266 768 361 798 curat
377 763 496 806 reponi
512 761 747 794 deterioribus.

311 817 340 850 si
356 820 486 860 pugnat
503 815 666 848 extricata
682 812 796 845 densis

356 880 456 903 cerva
471 868 592 912 plagis,
613 867 676 900 erit
692 865 750 898 ille
766 864 863 898 fortis

270 974 329 1019 qui
344 973 483 1018 perfidis
498 983 534 1006 se
550 971 692 1005 credidit
707 969 872 1009 hostibus,

270 1033 304 1062 et
321 1029 433 1060 Marte
450 1027 584 1059 Poenos
599 1028 749 1068 proteret
765 1023 873 1056 altero

315 1081 374 1124 qui
390 1080 463 1113 lora
477 1078 637 1112 restrictis
653 1076 787 1110 lacertis

361 1133 466 1166 sensit
483 1133 571 1165 iners
587 1131 767 1173 timuitque
782 1132 940 1162 mortem.

272 1237 329 1270 hic
344 1236 434 1269 unde
451 1235 557 1268 vitam
573 1238 718 1267 sumeret
734 1233 860 1266 inscius

276 1300 397 1333 pacem
412 1288 528 1321 duello
543 1287 688 1320 miscuit.
736 1297 756 1318 o
772 1285 880 1329 pudor
894 1286 902 1318 Σ

321 1354 343 1375 o
358 1352 482 1384 magna
500 1340 683 1382 Carthago,
703 1338 877 1382 probrosis

362 1395 463 1427 altior
481 1394 602 1427 Italiae
619 1393 722 1426 ruinis
737 1391 762 1425 !'

274 1499 379 1533 fertur
396 1498 538 1542 pudicae
550 1497 703 1540 coniugis
719 1495 872 1529 osculum

275 1563 464 1596 parvosque
479 1555 577 1583 natos
593 1556 629 1583 ut
645 1550 766 1593 capitis
782 1549 894 1581 minor

319 1606 364 1638 ab
381 1616 416 1638 se
432 1604 613 1637 removisse
629 1608 662 1636 et
679 1603 812 1636 virilem

365 1663 480 1691 torvus
496 1657 590 1690 humi
607 1657 760 1701 posuisse
777 1655 920 1696 voltum,

275 1763 384 1796 donec
399 1762 547 1795 labantis
563 1761 705 1794 consilio
720 1765 832 1803 patres

277 1816 425 1849 firmaret
442 1821 559 1848 auctor
575 1825 760 1857 numquam
778 1813 861 1846 alias
878 1812 970 1851 dato,

322 1870 476 1911 interque
492 1867 673 1900 maerentis
688 1866 817 1899 amicos

367 1922 521 1965 egregius
538 1924 734 1964 properaret
751 1917 855 1952 exsul.

356 1989 381 2026 6

1083 109 1124 139 73

1097 770 1132 794 30

1103 1403 1140 1429 40
