1458 2315
108 142 188 184 xx]

377 140 654 173 CARMJNUM
676 139 822 170 LIBER
849 139 878 170 l.
1107 147 1147 177 23

108 359 211 393 XIX.
365 358 501 391 ATER
516 369 616 391 saeva
635 355 845 399 Cupidinum

112 1532 193 1566 XX.

386 412 639 454 Thebanaeque
656 411 750 443 iubet
766 419 821 440 me
840 405 990 440 Semeles
1006 417 1091 450 puer

242 469 276 497 et
292 464 420 497 lasciva
437 465 592 498 Licentia
870 503 875 506 μ

242 517 347 550 finitis
364 518 516 550 animum
534 518 673 551 reddere
690 518 874 551 amoribus.

243 623 311 655 urit
328 634 381 656 me
400 623 565 666 Glycerae
581 623 672 656 nitor

244 677 455 720 splendentis
473 677 573 709 Pario
590 687 759 710 marmore
775 678 912 721 purius;

242 730 307 762 urit
323 733 421 772 grata
436 730 638 772 protervitas

242 788 276 816 et
291 783 403 816 voltus
420 783 564 815 nimium
581 783 729 817 lubricus
746 784 886 828 adspici.

241 888 277 921 in
294 899 349 921 me
366 892 438 921 tota
454 900 553 921 ruens
569 889 686 922 Venus

244 942 399 985 Cyprum
414 942 574 982 deseruit,
594 953 656 975 nec
673 943 800 986 patitur
819 942 963 986 Scythas
1117 957 1152 976 10

243 1000 277 1028 e't
294 995 398 1028 versis
415 995 607 1028 animosum
623 997 719 1040 equis

244 1047 410 1081 Parthum
426 1048 549 1088 dicere,
571 1059 633 1082 nec
650 1061 737 1093 quae
754 1049 839 1081 nihil
856 1049 1010 1083 attinent.

243 1153 300 1185 hie
316 1153 432 1185 vivum
449 1154 534 1186 mihi
551 1154 750 1197 caespitem,
769 1154 827 1187 hie

244 1206 420 1246 verbenas,
441 1207 546 1249 pueri,
567 1209 685 1250 ponite
703 1212 856 1251 turaque,

245 1259 330 1291 bimi
347 1270 424 1292 cum
441 1264 559 1302 patera
576 1261 659 1292 meri
675 1273 682 1292 :

245 1317 394 1345 mactata
409 1313 522 1346 veniet
538 1313 646 1345 leuior
661 1314 784 1347 hostia.

340 1532 423 1564 ILE
441 1532 576 1575 potabis
593 1532 736 1565 modieis
755 1532 920 1565 Sabinum

361 1585 542 1625 cantharis,
565 1585 696 1618 Graeca
714 1586 806 1628 quod
824 1596 886 1629 ego
904 1586 974 1629 ipse
991 1589 1077 1619 testa

246 1639 423 1671 conditum
439 1639 517 1678 levi,
539 1639 637 1670 datus
655 1638 689 1670 in
707 1638 841 1671 theatro

426 1702 504 1724 cum
521 1691 583 1723 tibi
599 1691 748 1734 plausus,

246 1798 322 1820 care
339 1787 524 1819 Maecenas
541 1798 655 1830 eques,
676 1791 712 1820 ut
730 1787 862 1830 paterni

247 1841 396 1873 fluminis
412 1840 505 1882 ripae
523 1840 622 1872 simul
640 1845 671 1872 et
690 1841 805 1873 iocosa

247 1894 402 1927 redderet
419 1893 538 1925 laudes
555 1893 617 1925 tibi
635 1893 795 1926 Vaticani

426 1946 553 1979 montis
570 1945 695 1989 imago.
