1458 2315
94 151 149 193 11.]

93 363 145 396 ΙΙ.

354 151 630 183 CARMJNUM
652 151 797 182 LIBER
823 152 871 183 ll.

374 363 537 398 ULLUS
555 368 694 407 argento
711 363 804 397 color
819 368 869 396 est
885 362 994 397 avaris

394 418 512 450 abdito
527 418 633 456 terris,
654 417 789 450 inimice
804 416 940 450 lamnae

272 470 394 513 Crispe
412 470 560 508 Sallusti,
581 470 646 501 nisi
662 475 850 512 temperato

447 521 625 565 splendeat
641 533 714 554 usu.

272 626 362 659 vivet
377 629 514 659 extento
531 624 726 658 Proculeius
743 636 837 665 aevo,

274 683 376 712 notus
391 679 427 711 in
441 678 559 711 fratres
575 678 680 710 animi
695 679 827 721 paterni
840 690 850 718 ;

270 731 366 764 illum
382 736 459 774 aget
474 741 588 773 penna
603 734 774 764 metuente
791 731 876 764 solvi

448 784 556 816 Fama
572 789 749 827 superstes.

271 886 372 920 latius
387 897 508 930 regnes
525 887 662 919 avidum
677 887 850 920 domando

270 939 436 982 spiritum,
457 950 560 983 quam
575 940 603 972 si
620 940 765 982 Libyam
782 939 919 973 remotis

271 992 426 1025 Gadibus
442 993 560 1035 iungas
577 996 609 1025 et
626 997 765 1036 uterque
783 993 917 1026 Poenus

447 1045 569 1078 serviat
585 1045 654 1078 uni.

271 1149 389 1182 crescit
405 1148 584 1191 indulgens
600 1149 665 1181 sibi
680 1149 772 1182 dirus
789 1148 950 1193 hydrops,

271 1212 334 1234 nec
350 1201 441 1233 sitim
457 1201 563 1244 pellit,
583 1201 647 1233 nisi
663 1212 764 1234 causa
779 1202 889 1234 morbi

273 1251 395 1294 sugerit
412 1252 505 1284 venis
517 1256 550 1284 et
567 1262 712 1294 aquosus
728 1252 808 1284 albo

451 1313 590 1345 corpore
608 1303 759 1345 languor.

273 1405 441 1438 redditum
457 1405 537 1447 Cyri
554 1405 638 1437 solio
657 1405 848 1438 Phrahaten

273 1458 440 1490 dissidens
457 1458 547 1500 plebi
565 1468 705 1490 numero
722 1458 897 1491 beatorum

274 1510 391 1544 eximit
408 1510 524 1542 Virtus
541 1510 771 1553 populumque
788 1510 879 1544 salsis

452 1562 595 1595 dedocet
612 1563 660 1595 uti

274 1665 424 1706 vocibus,
445 1676 585 1708 regnum
599 1670 631 1698 et
648 1665 805 1698 diadema
821 1670 930 1699 tutum

273 1719 428 1752 deferens
445 1719 501 1750 uni
519 1718 757 1761 propriamque
775 1718 916 1759 laurum,

274 1771 426 1814 quisquis
443 1770 588 1812 ingentis
602 1771 700 1803 oculo
718 1771 878 1804 inretorto

455 1828 583 1866 spectat
599 1833 746 1856 acervos.

1091 163 1130 192 41

1101 955 1134 972 10
