1458 2315
11 2273 81 2315 ἀὲ,

101 151 169 193 lx]
356 152 415 182 SA
425 145 661 182 TIRARUM
683 151 829 181 LIBER
857 151 885 181 l.
1086 153 1144 192 185

99 239 180 263 cum
198 228 335 272 Sagana
350 228 479 261 maiore
496 227 696 261 ululantem.
749 226 861 270 pallor
877 231 1037 270 utrasque

100 283 226 316 fecerat
242 282 427 315 horrendas
444 281 620 324 adspecta.
668 280 820 323 scalpere
837 286 962 313 terram

101 336 274 378 unguibus
290 341 323 368 et
341 335 472 378 pullam
487 334 650 367 divellere
668 334 840 367 mordicus
857 344 983 376 agnam

103 394 308 432 coeperunt:
335 399 432 420 eruor
448 388 483 420 in
500 387 624 420 fossam
641 387 811 426 confusus,
831 392 867 419 ut
884 387 965 419 inde

105 442 221 475 Manis
237 442 396 474 elicerent
413 441 542 473 animas
559 450 721 483 responsa
736 441 885 472 daturas.

105 495 206 528 lanea
222 500 256 528 et
273 494 400 537 effigies
416 499 497 533 erat,
519 493 625 526 altera
641 504 737 525 cerea
753 506 761 525 ε
786 493 895 524 maior
1112 507 1147 533 30

108 548 217 588 lanea,
239 559 325 591 quae
341 547 461 590 poenis
478 551 708 589 compesceret
726 546 918 579 inferiorem
935 557 945 585 ;

109 612 206 634 cerea
224 601 423 644 suppliciter
439 600 549 632 stabat
567 599 744 632 servilibus
759 605 863 642 utque

106 655 176 687 iam
192 654 341 697 peritura
355 653 477 686 modis.
529 653 686 685 Hecaten
704 657 803 685 vocat
821 652 938 691 altera,
960 663 1097 685 saevam

107 708 215 740 altera
230 706 454 749 Tisiphonen.
505 706 672 748 serpentis
689 711 790 748 atque
807 705 939 738 videres

107 760 254 793 infernas
269 770 380 792 errare
396 769 497 792 canes
512 758 697 801 lunamque
714 759 905 797 rubentem,

107 824 151 846 ne
167 812 252 846 foret
267 812 321 845 his
337 812 442 851 testis,
463 816 540 855 post
557 822 681 854 magna
697 811 801 844 latere
819 811 988 853 sepulcra.

107 867 254 900 mentior
270 870 304 898 at
320 865 443 909 siquid,
463 864 592 897 merdis
609 870 711 907 caput
728 864 885 907 inquiner
901 864 988 896 albis

107 930 285 952 corvorum
301 923 402 962 atque
419 919 455 950 in
470 929 525 950 me
541 918 656 950 veniat
674 917 814 950 mictum
832 923 934 960 atque
952 921 1107 949 cacatum

109 973 226 1012 Iulius,
246 977 280 1005 et
296 972 424 1015 fragilis
441 971 606 1010 Pediatia,
627 971 746 1013 furque
764 971 933 1003 Voranus.

109 1026 241 1068 singula
257 1025 340 1068 quid
355 1035 551 1064 memorem,
569 1035 638 1067 quo
651 1029 752 1067 pacto
766 1024 895 1056 alterna
908 1024 1088 1066 loquentes
1112 1039 1146 1062 40

87 1098 91 1103 ι
109 1079 248 1111 umbrae
265 1089 342 1111 cum
361 1078 496 1120 Sagana
511 1078 700 1110 resonarint
719 1077 812 1109 triste
830 1082 862 1109 et
880 1083 1029 1117 acutum,

110 1136 213 1174 utque
229 1131 302 1174 lupi
317 1131 461 1162 barbam
473 1130 586 1162 variae
603 1141 679 1162 cum
697 1130 799 1162 dente
817 1130 976 1162 colubrae

110 1185 302 1217 abdiderint
319 1183 434 1216 furtim
452 1183 558 1221 terris,
579 1187 612 1215 et
629 1183 776 1225 imagine
794 1193 890 1214 cerea

109 1237 235 1280 largior
251 1236 368 1269 arserit
385 1236 482 1278 ignis,
503 1240 536 1267 et
553 1239 589 1267 ut
606 1245 674 1267 non
692 1235 786 1267 testis
802 1235 928 1267 inultus

110 1291 298 1324 horruerim
314 1300 414 1322 voces
433 1289 611 1321 Furiarum
628 1294 661 1321 et
679 1288 766 1320 sacta
783 1289 924 1320 duarum
936 1290 951 1320 ?

109 1355 189 1376 nam
206 1343 356 1386 displosa
372 1347 468 1375 sonat
485 1347 650 1384 quantum
666 1342 778 1374 vesica
795 1342 920 1384 pepedi

109 1396 233 1429 diffissa
251 1401 330 1428 nate
346 1395 428 1428 ficus
445 1407 452 1427 :
475 1398 510 1427 at
530 1394 608 1426 illae
624 1405 754 1427 currere
772 1395 805 1426 in
823 1395 952 1427 urbem.

112 1450 278 1484 Canidiae
294 1449 424 1487 dentes,
446 1448 552 1480 altum
571 1448 728 1490 Saganae
745 1447 955 1480 caliendrum

110 1503 263 1536 excidere
280 1507 382 1545 atque
397 1501 521 1534 herbas
537 1506 639 1544 atque
658 1501 828 1532 incantata
845 1500 979 1533 lacertis

109 1556 245 1590 vincula
258 1566 335 1589 cum
351 1565 477 1598 magno
495 1554 630 1597 risuque
648 1553 790 1596 iocoque
807 1553 950 1587 videres.
1114 1568 1150 1594 50

112 1815 174 1848 IX.
213 1814 365 1899 IBAM
385 1814 469 1847 sorte
485 1813 540 1846 via
556 1813 668 1853 Sacra,
690 1813 774 1846 sicut
791 1824 885 1846 meus
901 1817 951 1847 est
967 1825 1052 1854 mos,

282 1868 396 1901 nescio
414 1867 496 1910 quid
514 1867 681 1899 meditans
698 1878 874 1909 nugarum,
891 1872 982 1900 totus
996 1868 1030 1901 in
1048 1868 1124 1902 illis,

111 1921 252 1954 accurrit
268 1921 408 1964 quidam
425 1926 524 1953 notus
542 1920 625 1952 mihi
643 1920 779 1952 nomine
797 1926 939 1960 tantum,

112 1979 311 2019 arreptaque
327 1984 429 2007 manu
451 1975 459 1990 ‘
473 1973 555 2018 quid
571 1973 654 2017 agis,
675 1973 869 2007 dulcissime
886 1984 997 2007 rerum
1009 1974 1024 2007 Ρ
1035 1971 1045 1988 ’

375 2039 416 2075 Ῑ3
