1410 2283
507 149 544 187 Q.
576 147 707 180 HORA
717 148 768 179 TI
790 148 964 182 FLACCI
1185 147 1250 193 [lx.

314 233 424 267 neque
441 223 649 262 Africanum,
669 223 722 256 cui
735 234 835 268 super
851 223 1093 269 Carthaginem

359 276 463 308 virtus
480 275 669 318 sepulerum
687 276 848 309 condidit.

316 333 404 360 terra
420 328 569 371 marique
586 328 692 361 victus
707 329 813 367 hostis
830 329 954 372 punico

361 381 501 422 lugubre
519 381 658 413 mutavit
675 391 806 423 sagum.

315 439 373 465 aut
391 433 447 465 ille
464 440 597 466 centum
614 433 764 466 nobilem
781 433 917 467 Cretam
934 433 1075 468 urbibus

359 485 468 518 ventis
485 486 588 517 iturus
604 496 672 518 non
690 486 768 525 suis.
1221 502 1256 527 30

316 537 514 571 exercitatas
529 543 585 570 aut
606 538 689 580 petit
708 538 815 580 Syrtis
832 537 938 578 Noto,

361 596 417 622 aut
437 589 537 622 fertur
553 590 680 622 incerto
696 590 791 623 mari.

317 642 509 685 capaciores
525 642 619 674 adfer
635 641 710 680 huc,
731 653 823 684 puer,
843 641 987 686 scyphos

361 701 395 727 ct
411 694 498 727 Chia
515 694 592 726 vina
607 700 663 726 aut
683 695 814 733 Lesbia,

318 746 369 779 vel
387 747 478 789 quod
497 746 655 779 fluentem
673 757 830 779 nauseam
847 751 999 779 coereeat

363 799 481 831 metire
497 798 593 830 nobis
611 798 819 830 Caecubum.

316 862 430 884 curam
448 856 640 892 metumque
654 850 805 882 Caesaris
822 860 930 883 rerum
947 849 1038 882 iuvat

362 903 453 935 dulci
473 903 585 945 Lyaeo
601 902 741 934 solvere.

330 1157 381 1242 B
441 1156 539 1188 ALA
556 1155 664 1188 soluta
681 1155 774 1188 navis
790 1155 857 1189 exit
873 1155 953 1189 alite
1380 1158 1393 1172 โธ
1407 1153 1410 1178 ยน

506 1209 613 1242 serens
629 1208 775 1241 olentem
792 1209 974 1242 Maevium.
1407 1192 1410 1247 i

318 1268 354 1295 ut
371 1262 514 1294 horridis
531 1267 708 1304 utrumque
724 1261 878 1294 verberes
893 1260 990 1300 latus,

363 1316 500 1352 Auster,
520 1319 689 1346 memento
706 1312 873 1345 fluctibus.

319 1368 414 1410 niger
430 1365 578 1399 rudentis
595 1365 705 1397 Eurus
721 1365 852 1397 inverso
867 1364 952 1397 mari

364 1420 552 1461 fractosque
569 1427 678 1450 remos
693 1416 836 1456 disserat,

320 1472 468 1513 insurgat
484 1470 612 1512 Aquilo
628 1474 771 1512 quantus
785 1468 862 1501 altis
878 1467 1049 1501 montibus

364 1523 486 1565 frangit
499 1521 671 1554 trementis
687 1520 790 1559 ilices,

320 1586 381 1608 nec
398 1576 490 1608 sidus
505 1580 576 1606 atra
592 1578 690 1605 nocte
706 1573 851 1604 amicum
867 1573 1040 1615 appareat,

365 1638 432 1670 qua
448 1626 550 1659 tristis
568 1625 674 1658 Orion
688 1624 788 1663 cadit,
1222 1636 1257 1656 xo

322 1679 485 1723 quietiore
501 1688 564 1710 nec
580 1677 704 1710 seratur
719 1687 864 1719 aequore

366 1742 466 1774 quam
483 1730 586 1763 Graia
601 1729 765 1761 victorum
780 1737 911 1767 manus,

321 1794 398 1816 curn
416 1782 526 1815 Pallas
542 1786 617 1814 usto
632 1781 732 1813 vertit
749 1780 832 1813 iram
847 1780 892 1813 ab
908 1779 975 1812 Ilio

364 1836 399 1867 in
416 1835 554 1877 impiam
572 1833 687 1865 Aiacis
700 1836 817 1865 ratem.

322 1898 345 1920 0
359 1893 504 1930 quantus
518 1887 619 1919 instat
634 1884 757 1916 navitis
772 1883 874 1916 sudor
889 1883 965 1923 tuis,

365 1939 494 1980 tibique
511 1938 620 1981 pallor
635 1936 744 1968 luteus
