1410 2283
243 144 283 182 48

247 934 312 968 IX.

529 143 566 181 Q.
597 142 727 172 HORA
736 141 785 171 TI
808 141 896 172 FLA
902 141 978 172 CCI
1169 140 1258 182 [vm.

419 216 506 248 adde
522 216 612 258 quod
628 216 733 258 pubes
750 215 811 247 tibi
829 215 945 248 crescit
962 215 1080 255 omnis,

419 269 558 300 servitus
574 269 690 300 crescit
708 278 806 306 nova,
826 278 887 300 nec
903 267 1031 310 priores

419 321 542 362 impiae
559 325 681 352 tectum
699 320 854 352 dominae
870 320 1074 362 relinquunt,

594 383 693 414 saepe
711 372 838 403 minati.
1229 385 1263 402 20

419 496 452 523 te
469 490 535 522 suis
553 494 675 521 matres
694 494 844 521 metuunt
861 489 1019 527 iuvencis,

420 548 452 574 te
469 552 563 574 senes
580 541 683 583 parci,
703 541 907 582 miseraeque
923 550 1030 582 nuper

419 594 564 636 virgines
580 598 715 635 nuptae,
736 597 793 624 tua
808 603 850 625 ne
868 592 1012 625 retardet

595 655 674 676 aura
690 644 836 677 maritos.

468 961 472 963 .
507 933 574 966 ΟΝ
590 943 721 975 semper
737 933 858 965 imbres
874 932 1019 964 nubibus
1035 932 1186 975 hispidos

527 991 662 1017 manant
679 986 713 1016 in
729 995 835 1026 agros,
855 989 911 1016 aut
928 995 1019 1017 mare
1035 985 1196 1028 Caspium

464 1041 584 1069 vexant
602 1037 791 1078 inaequales
808 1036 975 1078 procellae

509 1099 624 1130 usque,
644 1099 705 1121 nec
722 1087 891 1120 Armeniis
908 1088 942 1120 in
959 1088 1039 1128 oris,

419 1207 526 1240 amice
543 1206 654 1248 Valgi,
675 1211 739 1238 stat
755 1206 879 1248 glacies
895 1206 982 1238 iners

420 1259 542 1292 mensis
559 1269 617 1300 per
632 1258 740 1290 omnis
756 1263 812 1290 aut
828 1258 1054 1301 Aquilonibus

461 1315 644 1354 querqueta
661 1310 809 1351 Gargani
826 1309 980 1342 laborant

508 1368 540 1394 et
557 1362 645 1394 soliis
662 1362 841 1394 viduantur
857 1361 940 1394 orni.

417 1486 454 1515 tu
470 1492 601 1524 semper
616 1491 735 1523 urgues
751 1480 917 1512 flebilibus
933 1478 1042 1511 modis

417 1534 553 1576 Mysten
569 1533 775 1574 ademptum,
795 1542 856 1564 nec
872 1531 934 1563 tibi
949 1530 1102 1574 Vespero
1230 1546 1262 1563 10

462 1590 616 1627 surgente
633 1584 798 1617 decedunt
814 1593 943 1616 amores

505 1647 567 1668 nec
584 1637 736 1678 rapidum
753 1635 899 1677 fugiente
915 1633 1030 1666 solem.

418 1760 453 1787 at
468 1765 536 1787 non
552 1759 602 1786 ter
617 1764 699 1786 aevo
715 1753 846 1785 functus
860 1750 1041 1784 amabilem

418 1806 561 1848 ploravit
577 1806 685 1838 omnis
702 1803 921 1837 Antilochum
936 1814 1038 1836 senex

453 1868 568 1896 annos,
587 1867 648 1889 nec
663 1856 834 1899 impubem
850 1859 1004 1898 parentes

501 1909 642 1940 Troilon
659 1913 715 1940 aut
733 1907 896 1949 Phrygiae
912 1916 1040 1939 sorores
