<?xml version="1.0" encoding="UTF-8"?>
<!DOCTYPE html PUBLIC "-//W3C//DTD XHTML 1.0 Transitional//EN"
    "http://www.w3.org/TR/xhtml1/DTD/xhtml1-transitional.dtd">
<html xmlns="http://www.w3.org/1999/xhtml" xml:lang="en" lang="en">
 <head>
  <title>
</title>
<meta http-equiv="Content-Type" content="text/html;charset=utf-8" />
  <meta name='ocr-system' content='tesseract 3.04.00' />
  <meta name='ocr-capabilities' content='ocr_page ocr_carea ocr_par ocr_line ocrx_word'/>
</head>
<body>
  <div class='ocr_page' id='page_1' title='image "./operacornish00horauoft_0022.png"; bbox 0 0 1410 2283; ppageno 0'>
   <div class='ocr_carea' id='block_1_1' title="bbox 256 1226 325 1258">
    <p class='ocr_par' dir='ltr' id='par_1_1' title="bbox 256 1226 325 1258">
     <span class='ocr_line' id='line_1_1' title="bbox 256 1226 325 1258; baseline 0 0"><span class='ocrx_word' id='word_1_1' title='bbox 256 1226 325 1258; x_wconf 90' lang='lat'>111.</span> 
     </span>
    </p>
   </div>
   <div class='ocr_carea' id='block_1_2' title="bbox 536 111 1266 154">
    <p class='ocr_par' dir='ltr' id='par_1_2' title="bbox 536 111 1266 154">
     <span class='ocr_line' id='line_1_2' title="bbox 536 111 1266 154; baseline -0.004 -8"><span class='ocrx_word' id='word_1_2' title='bbox 536 118 572 154; x_wconf 85' lang='lat' dir='ltr'><strong>Q.</strong></span> <span class='ocrx_word' id='word_1_3' title='bbox 604 114 736 146; x_wconf 62' lang='grc' dir='ltr'><em>ΗΘΚΛ</em></span> <span class='ocrx_word' id='word_1_4' title='bbox 746 113 795 144; x_wconf 76' lang='grc' dir='ltr'><strong>Τ]</strong></span> <span class='ocrx_word' id='word_1_5' title='bbox 819 113 991 144; x_wconf 79' lang='lat' dir='ltr'><em>FLACC!</em></span> <span class='ocrx_word' id='word_1_6' title='bbox 1215 111 1266 153; x_wconf 83' lang='lat' dir='ltr'><strong>[n.</strong></span> 
     </span>
    </p>
   </div>
   <div class='ocr_carea' id='block_1_3' title="bbox 425 187 955 390">
    <p class='ocr_par' dir='ltr' id='par_1_3' title="bbox 425 187 933 230">
     <span class='ocr_line' id='line_1_3' title="bbox 425 187 933 230; baseline -0.008 -7"><span class='ocrx_word' id='word_1_7' title='bbox 425 191 494 223; x_wconf 87' lang='lat' dir='ltr'><strong>sive</strong></span> <span class='ocrx_word' id='word_1_8' title='bbox 510 195 639 222; x_wconf 81' lang='lat' dir='ltr'><strong>mutata</strong></span> <span class='ocrx_word' id='word_1_9' title='bbox 656 189 810 221; x_wconf 82' lang='lat' dir='ltr'><strong>iuvenem</strong></span> <span class='ocrx_word' id='word_1_10' title='bbox 827 187 933 230; x_wconf 82' lang='lat' dir='ltr'><strong>figura</strong></span> 
     </span>
    </p>

    <p class='ocr_par' dir='ltr' id='par_1_4' title="bbox 427 240 955 280">
     <span class='ocr_line' id='line_1_4' title="bbox 427 240 955 280; baseline -0.008 -5"><span class='ocrx_word' id='word_1_11' title='bbox 427 243 495 275; x_wconf 83' lang='lat' dir='ltr'>ales</span> <span class='ocrx_word' id='word_1_12' title='bbox 513 243 546 274; x_wconf 91' lang='lat' dir='ltr'><strong>in</strong></span> <span class='ocrx_word' id='word_1_13' title='bbox 564 242 658 274; x_wconf 81' lang='lat' dir='ltr'><strong>terris</strong></span> <span class='ocrx_word' id='word_1_14' title='bbox 675 240 825 280; x_wconf 84' lang='lat' dir='ltr'><strong>imitaris,</strong></span> <span class='ocrx_word' id='word_1_15' title='bbox 845 240 955 272; x_wconf 81' lang='lat' dir='ltr'>almae</span> 
     </span>
    </p>

    <p class='ocr_par' dir='ltr' id='par_1_5' title="bbox 428 292 937 390">
     <span class='ocr_line' id='line_1_5' title="bbox 428 292 937 335; baseline -0.008 -8"><span class='ocrx_word' id='word_1_16' title='bbox 428 295 514 327; x_wconf 79' lang='lat' dir='ltr'><strong>filius</strong></span> <span class='ocrx_word' id='word_1_17' title='bbox 531 294 654 332; x_wconf 81' lang='lat' dir='ltr'><strong>Maiae,</strong></span> <span class='ocrx_word' id='word_1_18' title='bbox 677 293 808 335; x_wconf 76' lang='lat' dir='ltr'><strong>patiens</strong></span> <span class='ocrx_word' id='word_1_19' title='bbox 826 292 937 324; x_wconf 86' lang='lat' dir='ltr'><strong>vocari</strong></span> 
     </span>
     <span class='ocr_line' id='line_1_6' title="bbox 604 344 887 390; baseline -0.007 -12"><span class='ocrx_word' id='word_1_20' title='bbox 604 345 757 378; x_wconf 81' lang='lat' dir='ltr'>Caesaris</span> <span class='ocrx_word' id='word_1_21' title='bbox 775 344 863 390; x_wconf 51' lang='lat' dir='ltr'><strong>ulgor</strong></span> <span class='ocrx_word' id='word_1_22' title='bbox 879 357 887 377; x_wconf 89' lang='lat'>:</span> 
     </span>
    </p>
   </div>
   <div class='ocr_carea' id='block_1_4' title="bbox 429 446 992 637">
    <p class='ocr_par' dir='ltr' id='par_1_6' title="bbox 430 446 992 489">
     <span class='ocr_line' id='line_1_7' title="bbox 430 446 992 489; baseline -0.004 -9"><span class='ocrx_word' id='word_1_23' title='bbox 430 459 520 480; x_wconf 84' lang='lat' dir='ltr'><strong>serus</strong></span> <span class='ocrx_word' id='word_1_24' title='bbox 538 447 569 479; x_wconf 89' lang='lat' dir='ltr'><strong>in</strong></span> <span class='ocrx_word' id='word_1_25' title='bbox 587 447 718 480; x_wconf 79' lang='lat' dir='ltr'><strong>caelum</strong></span> <span class='ocrx_word' id='word_1_26' title='bbox 735 446 851 479; x_wconf 85' lang='lat' dir='ltr'>redeas</span> <span class='ocrx_word' id='word_1_27' title='bbox 867 446 992 489; x_wconf 88' lang='lat' dir='ltr'><strong>diuque</strong></span> 
     </span>
    </p>

    <p class='ocr_par' dir='ltr' id='par_1_7' title="bbox 429 499 989 542">
     <span class='ocr_line' id='line_1_8' title="bbox 429 499 989 542; baseline -0.004 -9"><span class='ocrx_word' id='word_1_28' title='bbox 429 502 535 533; x_wconf 79' lang='lat' dir='ltr'><strong>laetus</strong></span> <span class='ocrx_word' id='word_1_29' title='bbox 553 500 684 532; x_wconf 79' lang='lat' dir='ltr'><strong>intersis</strong></span> <span class='ocrx_word' id='word_1_30' title='bbox 701 499 826 542; x_wconf 85' lang='lat' dir='ltr'><strong>populo</strong></span> <span class='ocrx_word' id='word_1_31' title='bbox 844 499 989 541; x_wconf 84' lang='lat' dir='ltr'><strong>Quirini,</strong></span> 
     </span>
    </p>

    <p class='ocr_par' dir='ltr' id='par_1_8' title="bbox 430 551 975 637">
     <span class='ocr_line' id='line_1_9' title="bbox 430 551 975 594; baseline -0.006 -8"><span class='ocrx_word' id='word_1_32' title='bbox 430 564 512 586; x_wconf 80' lang='lat' dir='ltr'>neve</span> <span class='ocrx_word' id='word_1_33' title='bbox 530 559 562 586; x_wconf 74' lang='lat' dir='ltr'><strong>te</strong></span> <span class='ocrx_word' id='word_1_34' title='bbox 579 553 700 585; x_wconf 80' lang='lat' dir='ltr'><strong>nostris</strong></span> <span class='ocrx_word' id='word_1_35' title='bbox 717 552 806 584; x_wconf 82' lang='lat' dir='ltr'><strong>vitiis</strong></span> <span class='ocrx_word' id='word_1_36' title='bbox 823 551 975 594; x_wconf 87' lang='lat' dir='ltr'><strong>iniquum</strong></span> 
     </span>
     <span class='ocr_line' id='line_1_10' title="bbox 605 605 792 637; baseline 0 -1"><span class='ocrx_word' id='word_1_37' title='bbox 605 605 697 637; x_wconf 90' lang='lat' dir='ltr'><strong>ocior</strong></span> <span class='ocrx_word' id='word_1_38' title='bbox 712 615 792 636; x_wconf 81' lang='lat' dir='ltr'><strong>aura</strong></span> 
     </span>
    </p>
   </div>
   <div class='ocr_carea' id='block_1_5' title="bbox 429 705 1278 910">
    <p class='ocr_par' dir='ltr' id='par_1_9' title="bbox 429 705 1278 853">
     <span class='ocr_line' id='line_1_11' title="bbox 429 705 1139 749; baseline -0.001 -9"><span class='ocrx_word' id='word_1_39' title='bbox 429 707 534 740; x_wconf 72' lang='lat' dir='ltr'>tollat.</span> <span class='ocrx_word' id='word_1_40' title='bbox 585 706 639 739; x_wconf 84' lang='lat' dir='ltr'><strong>hic</strong></span> <span class='ocrx_word' id='word_1_41' title='bbox 656 717 796 749; x_wconf 82' lang='lat' dir='ltr'>magnos</span> <span class='ocrx_word' id='word_1_42' title='bbox 812 706 922 749; x_wconf 88' lang='lat' dir='ltr'><strong>potius</strong></span> <span class='ocrx_word' id='word_1_43' title='bbox 939 705 1139 749; x_wconf 82' lang='lat' dir='ltr'><strong>triumphos,</strong></span> 
     </span>
     <span class='ocr_line' id='line_1_12' title="bbox 431 758 1278 802; baseline 0.001 -11"><span class='ocrx_word' id='word_1_44' title='bbox 431 760 485 791; x_wconf 87' lang='lat' dir='ltr'><strong>hic</strong></span> <span class='ocrx_word' id='word_1_45' title='bbox 501 770 592 791; x_wconf 85' lang='lat' dir='ltr'>ames</span> <span class='ocrx_word' id='word_1_46' title='bbox 609 759 676 791; x_wconf 92' lang='lat' dir='ltr'><strong>dici</strong></span> <span class='ocrx_word' id='word_1_47' title='bbox 698 765 792 802; x_wconf 80' lang='lat' dir='ltr'>pater</span> <span class='ocrx_word' id='word_1_48' title='bbox 807 765 907 802; x_wconf 82' lang='lat' dir='ltr'><strong>atque</strong></span> <span class='ocrx_word' id='word_1_49' title='bbox 924 758 1092 802; x_wconf 82' lang='lat' dir='ltr'><strong>princeps,</strong></span> <span class='ocrx_word' id='word_1_50' title='bbox 1243 773 1278 798; x_wconf 82' lang='lat'><strong>⁵0</strong></span> 
     </span>
     <span class='ocr_line' id='line_1_13' title="bbox 431 811 1044 853; baseline 0 -9"><span class='ocrx_word' id='word_1_51' title='bbox 431 823 495 844; x_wconf 81' lang='lat' dir='ltr'><strong>neu</strong></span> <span class='ocrx_word' id='word_1_52' title='bbox 512 811 600 844; x_wconf 80' lang='lat' dir='ltr'><strong>siuas</strong></span> <span class='ocrx_word' id='word_1_53' title='bbox 618 811 738 843; x_wconf 83' lang='lat' dir='ltr'>Medos</span> <span class='ocrx_word' id='word_1_54' title='bbox 754 811 903 853; x_wconf 85' lang='lat' dir='ltr'><strong>equitare</strong></span> <span class='ocrx_word' id='word_1_55' title='bbox 920 811 1044 844; x_wconf 86' lang='lat' dir='ltr'><strong>inultos</strong></span> 
     </span>
    </p>

    <p class='ocr_par' dir='ltr' id='par_1_10' title="bbox 607 864 905 910">
     <span class='ocr_line' id='line_1_14' title="bbox 607 864 905 910; baseline 0.003 -14"><span class='ocrx_word' id='word_1_56' title='bbox 607 869 639 896; x_wconf 89' lang='lat' dir='ltr'><strong>te</strong></span> <span class='ocrx_word' id='word_1_57' title='bbox 653 864 750 910; x_wconf 82' lang='lat' dir='ltr'><strong>duce,</strong></span> <span class='ocrx_word' id='word_1_58' title='bbox 771 864 905 897; x_wconf 87' lang='lat' dir='ltr'>Caesar.</span> 
     </span>
    </p>
   </div>
   <div class='ocr_carea' id='block_1_6' title="bbox 389 1223 1162 1424">
    <p class='ocr_par' dir='ltr' id='par_1_11' title="bbox 389 1223 1162 1424">
     <span class='ocr_line' id='line_1_15' title="bbox 508 1223 970 1267; baseline -0.002 -10"><span class='ocrx_word' id='word_1_59' title='bbox 508 1224 555 1257; x_wconf 94' lang='lat' dir='ltr'><strong>IC</strong></span> <span class='ocrx_word' id='word_1_60' title='bbox 575 1230 606 1257; x_wconf 83' lang='lat' dir='ltr'><strong>te</strong></span> <span class='ocrx_word' id='word_1_61' title='bbox 623 1224 700 1256; x_wconf 85' lang='lat' dir='ltr'><strong>diva</strong></span> <span class='ocrx_word' id='word_1_62' title='bbox 718 1229 836 1267; x_wconf 85' lang='lat' dir='ltr'>potens</span> <span class='ocrx_word' id='word_1_63' title='bbox 854 1223 970 1267; x_wconf 77' lang='lat' dir='ltr'><strong>Cypri,</strong></span> 
     </span>
     <span class='ocr_line' id='line_1_16' title="bbox 529 1275 1162 1316; baseline -0.002 -7"><span class='ocrx_word' id='word_1_64' title='bbox 529 1277 576 1310; x_wconf 85' lang='lat' dir='ltr'><strong>sic</strong></span> <span class='ocrx_word' id='word_1_65' title='bbox 594 1276 710 1309; x_wconf 78' lang='lat' dir='ltr'>fratres</span> <span class='ocrx_word' id='word_1_66' title='bbox 729 1276 895 1316; x_wconf 86' lang='lat' dir='ltr'>Helenae,</span> <span class='ocrx_word' id='word_1_67' title='bbox 916 1276 1027 1309; x_wconf 91' lang='lat' dir='ltr'><strong>lucida</strong></span> <span class='ocrx_word' id='word_1_68' title='bbox 1043 1275 1162 1314; x_wconf 85' lang='lat' dir='ltr'><strong>sidera,</strong></span> 
     </span>
     <span class='ocr_line' id='line_1_17' title="bbox 433 1333 898 1372; baseline 0 -12"><span class='ocrx_word' id='word_1_69' title='bbox 433 1335 678 1372; x_wconf 86' lang='lat' dir='ltr'><strong>ventorumque</strong></span> <span class='ocrx_word' id='word_1_70' title='bbox 695 1333 787 1371; x_wconf 82' lang='lat' dir='ltr'>regat</span> <span class='ocrx_word' id='word_1_71' title='bbox 803 1334 898 1371; x_wconf 85' lang='lat' dir='ltr'>pater</span> 
     </span>
     <span class='ocr_line' id='line_1_18' title="bbox 389 1381 954 1424; baseline -0.004 -10"><span class='ocrx_word' id='word_1_72' title='bbox 389 1382 556 1414; x_wconf 80' lang='lat' dir='ltr'><strong>obstrictis</strong></span> <span class='ocrx_word' id='word_1_73' title='bbox 573 1381 646 1413; x_wconf 83' lang='lat' dir='ltr'><strong>aliis</strong></span> <span class='ocrx_word' id='word_1_74' title='bbox 662 1387 795 1424; x_wconf 82' lang='lat' dir='ltr'>praeter</span> <span class='ocrx_word' id='word_1_75' title='bbox 815 1381 954 1424; x_wconf 86' lang='lat' dir='ltr'>Iapyga,</span> 
     </span>
    </p>
   </div>
   <div class='ocr_carea' id='block_1_7' title="bbox 391 1483 1015 1674">
    <p class='ocr_par' dir='ltr' id='par_1_12' title="bbox 391 1483 1015 1674">
     <span class='ocr_line' id='line_1_19' title="bbox 433 1483 899 1527; baseline 0.002 -12"><span class='ocrx_word' id='word_1_76' title='bbox 433 1483 537 1522; x_wconf 77' lang='lat' dir='ltr'><strong>navis,</strong></span> <span class='ocrx_word' id='word_1_77' title='bbox 554 1494 640 1527; x_wconf 84' lang='lat' dir='ltr'><strong>quae</strong></span> <span class='ocrx_word' id='word_1_78' title='bbox 656 1483 718 1516; x_wconf 84' lang='lat' dir='ltr'><strong>tibi</strong></span> <span class='ocrx_word' id='word_1_79' title='bbox 735 1483 899 1516; x_wconf 84' lang='lat' dir='ltr'><strong>creditum</strong></span> 
     </span>
     <span class='ocr_line' id='line_1_20' title="bbox 391 1536 991 1579; baseline 0 -11"><span class='ocrx_word' id='word_1_80' title='bbox 391 1536 493 1568; x_wconf 85' lang='lat' dir='ltr'><strong>debes</strong></span> <span class='ocrx_word' id='word_1_81' title='bbox 511 1536 707 1579; x_wconf 83' lang='lat' dir='ltr'><strong>Vergilium,</strong></span> <span class='ocrx_word' id='word_1_82' title='bbox 730 1536 852 1569; x_wconf 88' lang='lat' dir='ltr'><strong>finibus</strong></span> <span class='ocrx_word' id='word_1_83' title='bbox 867 1536 991 1570; x_wconf 86' lang='lat' dir='ltr'><strong>Atticis</strong></span> 
     </span>
     <span class='ocr_line' id='line_1_21' title="bbox 435 1588 934 1630; baseline 0 -10"><span class='ocrx_word' id='word_1_84' title='bbox 435 1588 554 1620; x_wconf 82' lang='lat' dir='ltr'>reddas</span> <span class='ocrx_word' id='word_1_85' title='bbox 572 1588 784 1627; x_wconf 87' lang='lat' dir='ltr'><strong>incolumem,</strong></span> <span class='ocrx_word' id='word_1_86' title='bbox 804 1598 934 1630; x_wconf 87' lang='lat' dir='ltr'>precor,</span> 
     </span>
     <span class='ocr_line' id='line_1_22' title="bbox 391 1640 1015 1674; baseline 0.003 -2"><span class='ocrx_word' id='word_1_87' title='bbox 391 1645 424 1672; x_wconf 86' lang='lat' dir='ltr'><strong>et</strong></span> <span class='ocrx_word' id='word_1_88' title='bbox 441 1651 549 1673; x_wconf 80' lang='lat' dir='ltr'>serves</span> <span class='ocrx_word' id='word_1_89' title='bbox 565 1640 697 1672; x_wconf 87' lang='lat' dir='ltr'><strong>animae</strong></span> <span class='ocrx_word' id='word_1_90' title='bbox 713 1640 892 1673; x_wconf 88' lang='lat' dir='ltr'><strong>dimidium</strong></span> <span class='ocrx_word' id='word_1_91' title='bbox 909 1651 1015 1674; x_wconf 55' lang='lat' dir='ltr'>meae.</span> 
     </span>
    </p>
   </div>
   <div class='ocr_carea' id='block_1_8' title="bbox 390 1743 1280 1944">
    <p class='ocr_par' dir='ltr' id='par_1_13' title="bbox 434 1743 859 1788">
     <span class='ocr_line' id='line_1_23' title="bbox 434 1743 859 1788; baseline 0.007 -14"><span class='ocrx_word' id='word_1_92' title='bbox 434 1743 484 1774; x_wconf 87' lang='lat' dir='ltr'><strong>illi</strong></span> <span class='ocrx_word' id='word_1_93' title='bbox 498 1744 599 1776; x_wconf 91' lang='lat' dir='ltr'><strong>robur</strong></span> <span class='ocrx_word' id='word_1_94' title='bbox 614 1748 647 1776; x_wconf 88' lang='lat' dir='ltr'><strong>et</strong></span> <span class='ocrx_word' id='word_1_95' title='bbox 663 1755 719 1777; x_wconf 82' lang='lat' dir='ltr'><strong>aes</strong></span> <span class='ocrx_word' id='word_1_96' title='bbox 736 1744 859 1788; x_wconf 86' lang='lat' dir='ltr'><strong>triplex</strong></span> 
     </span>
    </p>

    <p class='ocr_par' dir='ltr' id='par_1_14' title="bbox 390 1794 1280 1891">
     <span class='ocr_line' id='line_1_24' title="bbox 390 1794 1280 1840; baseline 0.002 -14"><span class='ocrx_word' id='word_1_97' title='bbox 390 1794 477 1827; x_wconf 88' lang='lat' dir='ltr'><strong>cirea</strong></span> <span class='ocrx_word' id='word_1_98' title='bbox 492 1801 609 1837; x_wconf 89' lang='lat' dir='ltr'><strong>pectus</strong></span> <span class='ocrx_word' id='word_1_99' title='bbox 626 1802 707 1836; x_wconf 89' lang='lat' dir='ltr'><strong>erat,</strong></span> <span class='ocrx_word' id='word_1_100' title='bbox 729 1797 787 1840; x_wconf 90' lang='lat' dir='ltr'><strong>qui</strong></span> <span class='ocrx_word' id='word_1_101' title='bbox 804 1795 957 1840; x_wconf 83' lang='lat' dir='ltr'><strong>fragilem</strong></span> <span class='ocrx_word' id='word_1_102' title='bbox 974 1795 1060 1829; x_wconf 86' lang='lat' dir='ltr'><strong>truci</strong></span> <span class='ocrx_word' id='word_1_103' title='bbox 1247 1810 1280 1828; x_wconf 74' lang='grc' dir='ltr'><strong>ιο</strong></span> 
     </span>
     <span class='ocr_line' id='line_1_25' title="bbox 434 1847 860 1891; baseline 0.009 -13"><span class='ocrx_word' id='word_1_104' title='bbox 434 1847 599 1879; x_wconf 85' lang='lat' dir='ltr'><strong>commisit</strong></span> <span class='ocrx_word' id='word_1_105' title='bbox 617 1849 738 1891; x_wconf 84' lang='lat' dir='ltr'>pelago</span> <span class='ocrx_word' id='word_1_106' title='bbox 755 1853 860 1882; x_wconf 85' lang='lat' dir='ltr'>ratem</span> 
     </span>
    </p>

    <p class='ocr_par' dir='ltr' id='par_1_15' title="bbox 390 1898 1146 1944">
     <span class='ocr_line' id='line_1_26' title="bbox 390 1898 1146 1944; baseline 0.005 -15"><span class='ocrx_word' id='word_1_107' title='bbox 390 1898 528 1939; x_wconf 86' lang='lat' dir='ltr'><strong>primus,</strong></span> <span class='ocrx_word' id='word_1_108' title='bbox 548 1910 610 1932; x_wconf 85' lang='lat' dir='ltr'><strong>nec</strong></span> <span class='ocrx_word' id='word_1_109' title='bbox 627 1901 737 1933; x_wconf 88' lang='lat' dir='ltr'><strong>timuit</strong></span> <span class='ocrx_word' id='word_1_110' title='bbox 758 1901 976 1944; x_wconf 87' lang='lat' dir='ltr'><strong>praecipitem</strong></span> <span class='ocrx_word' id='word_1_111' title='bbox 992 1899 1146 1933; x_wconf 80' lang='lat' dir='ltr'><strong>Africum</strong></span> 
     </span>
    </p>
   </div>
  </div>
 </body>
</html>
