<?xml version="1.0" encoding="UTF-8"?>
<!DOCTYPE html PUBLIC "-//W3C//DTD XHTML 1.0 Transitional//EN"
    "http://www.w3.org/TR/xhtml1/DTD/xhtml1-transitional.dtd">
<html xmlns="http://www.w3.org/1999/xhtml" xml:lang="en" lang="en">
 <head>
  <title>
</title>
<meta http-equiv="Content-Type" content="text/html;charset=utf-8" />
  <meta name='ocr-system' content='tesseract 3.04.00' />
  <meta name='ocr-capabilities' content='ocr_page ocr_carea ocr_par ocr_line ocrx_word'/>
</head>
<body>
  <div class='ocr_page' id='page_1' title='image "./operacornish00horauoft_0061.png"; bbox 0 0 1458 2315; ppageno 0'>
   <div class='ocr_carea' id='block_1_1' title="bbox 123 149 188 191">
    <p class='ocr_par' dir='ltr' id='par_1_1' title="bbox 123 149 188 191">
     <span class='ocr_line' id='line_1_1' title="bbox 123 149 188 191; baseline 0 -9"><span class='ocrx_word' id='word_1_1' title='bbox 123 149 188 191; x_wconf 63' lang='lat' dir='ltr'>vn]</span> 
     </span>
    </p>
   </div>
   <div class='ocr_carea' id='block_1_2' title="bbox 125 683 187 716">
    <p class='ocr_par' dir='ltr' id='par_1_2' title="bbox 125 683 187 716">
     <span class='ocr_line' id='line_1_2' title="bbox 125 683 187 716; baseline 0 0"><span class='ocrx_word' id='word_1_2' title='bbox 125 683 187 716; x_wconf 89' lang='lat' dir='ltr'>VI.</span> 
     </span>
    </p>
   </div>
   <div class='ocr_carea' id='block_1_3' title="bbox 387 150 902 182">
    <p class='ocr_par' dir='ltr' id='par_1_3' title="bbox 387 150 902 182">
     <span class='ocr_line' id='line_1_3' title="bbox 387 150 902 182; baseline -0.006 0"><span class='ocrx_word' id='word_1_3' title='bbox 387 150 662 182; x_wconf 79' lang='lat' dir='ltr'><em>CARMJNUM</em></span> <span class='ocrx_word' id='word_1_4' title='bbox 685 150 829 180; x_wconf 83' lang='lat' dir='ltr'><em>LIBER</em></span> <span class='ocrx_word' id='word_1_5' title='bbox 856 150 902 180; x_wconf 89' lang='lat' dir='ltr'>II.</span> 
     </span>
    </p>
   </div>
   <div class='ocr_carea' id='block_1_4' title="bbox 345 223 1004 268">
    <p class='ocr_par' dir='ltr' id='par_1_4' title="bbox 345 223 1004 268">
     <span class='ocr_line' id='line_1_4' title="bbox 345 223 1004 268; baseline -0.002 -11"><span class='ocrx_word' id='word_1_6' title='bbox 345 235 448 268; x_wconf 85' lang='lat' dir='ltr'>quem</span> <span class='ocrx_word' id='word_1_7' title='bbox 464 224 491 257; x_wconf 90' lang='lat' dir='ltr'>si</span> <span class='ocrx_word' id='word_1_8' title='bbox 509 223 698 267; x_wconf 80' lang='lat' dir='ltr'>puellarum</span> <span class='ocrx_word' id='word_1_9' title='bbox 714 223 875 256; x_wconf 84' lang='lat' dir='ltr'>insereres</span> <span class='ocrx_word' id='word_1_10' title='bbox 890 223 1004 265; x_wconf 87' lang='lat' dir='ltr'>choro,</span> 
     </span>
    </p>
   </div>
   <div class='ocr_carea' id='block_1_5' title="bbox 347 276 898 363">
    <p class='ocr_par' dir='ltr' id='par_1_5' title="bbox 347 276 898 363">
     <span class='ocr_line' id='line_1_5' title="bbox 347 276 888 319; baseline -0.002 -10"><span class='ocrx_word' id='word_1_11' title='bbox 347 278 432 310; x_wconf 92' lang='lat' dir='ltr'>mire</span> <span class='ocrx_word' id='word_1_12' title='bbox 448 277 577 319; x_wconf 80' lang='lat' dir='ltr'>sagacis</span> <span class='ocrx_word' id='word_1_13' title='bbox 593 276 722 309; x_wconf 85' lang='lat' dir='ltr'>falleret</span> <span class='ocrx_word' id='word_1_14' title='bbox 738 276 888 319; x_wconf 80' lang='lat' dir='ltr'>hospites</span> 
     </span>
     <span class='ocr_line' id='line_1_6' title="bbox 389 329 898 363; baseline -0.004 0"><span class='ocrx_word' id='word_1_15' title='bbox 389 330 570 363; x_wconf 82' lang='lat' dir='ltr'>discrimen</span> <span class='ocrx_word' id='word_1_16' title='bbox 586 330 765 362; x_wconf 87' lang='lat' dir='ltr'>obscurum</span> <span class='ocrx_word' id='word_1_17' title='bbox 781 329 898 362; x_wconf 83' lang='lat' dir='ltr'>solutis</span> 
     </span>
    </p>
   </div>
   <div class='ocr_carea' id='block_1_6' title="bbox 436 382 948 425">
    <p class='ocr_par' dir='ltr' id='par_1_6' title="bbox 436 382 948 425">
     <span class='ocr_line' id='line_1_7' title="bbox 436 382 948 425; baseline -0.002 -10"><span class='ocrx_word' id='word_1_18' title='bbox 436 383 583 416; x_wconf 82' lang='lat' dir='ltr'>crinibus</span> <span class='ocrx_word' id='word_1_19' title='bbox 600 383 829 425; x_wconf 83' lang='lat' dir='ltr'>ambiguoque</span> <span class='ocrx_word' id='word_1_20' title='bbox 846 382 948 415; x_wconf 89' lang='lat' dir='ltr'>voltu.</span> 
     </span>
    </p>
   </div>
   <div class='ocr_carea' id='block_1_7' title="bbox 334 682 998 722">
    <p class='ocr_par' dir='ltr' id='par_1_7' title="bbox 334 682 998 722">
     <span class='ocr_line' id='line_1_8' title="bbox 334 682 998 722; baseline -0.002 -7"><span class='ocrx_word' id='word_1_21' title='bbox 334 683 521 722; x_wconf 87' lang='lat' dir='ltr'>EPTIMI,</span> <span class='ocrx_word' id='word_1_22' title='bbox 544 683 650 714; x_wconf 84' lang='lat' dir='ltr'>Gadis</span> <span class='ocrx_word' id='word_1_23' title='bbox 667 682 796 714; x_wconf 86' lang='lat' dir='ltr'>aditure</span> <span class='ocrx_word' id='word_1_24' title='bbox 814 693 946 715; x_wconf 87' lang='lat' dir='ltr'>mecum</span> <span class='ocrx_word' id='word_1_25' title='bbox 964 686 998 715; x_wconf 85' lang='lat' dir='ltr'>et</span> 
     </span>
    </p>
   </div>
   <div class='ocr_carea' id='block_1_8' title="bbox 1125 159 1164 188">
    <p class='ocr_par' dir='ltr' id='par_1_8' title="bbox 1125 159 1164 188">
     <span class='ocr_line' id='line_1_9' title="bbox 1125 159 1164 188; baseline 0 0"><span class='ocrx_word' id='word_1_26' title='bbox 1125 159 1164 188; x_wconf 73' lang='lat'>45</span> 
     </span>
    </p>
   </div>
   <div class='ocr_carea' id='block_1_9' title="bbox 355 735 1131 777">
    <p class='ocr_par' dir='ltr' id='par_1_9' title="bbox 355 735 1131 777">
     <span class='ocr_line' id='line_1_10' title="bbox 355 735 1131 777; baseline -0.001 -9"><span class='ocrx_word' id='word_1_27' title='bbox 355 735 565 768; x_wconf 83' lang='lat' dir='ltr'>Cantabrum</span> <span class='ocrx_word' id='word_1_28' title='bbox 581 735 755 767; x_wconf 89' lang='lat' dir='ltr'>indoctum</span> <span class='ocrx_word' id='word_1_29' title='bbox 772 735 849 777; x_wconf 82' lang='lat' dir='ltr'>iuga</span> <span class='ocrx_word' id='word_1_30' title='bbox 866 735 950 768; x_wconf 87' lang='lat' dir='ltr'>ferre</span> <span class='ocrx_word' id='word_1_31' title='bbox 967 739 1080 767; x_wconf 90' lang='lat' dir='ltr'>nostra</span> <span class='ocrx_word' id='word_1_32' title='bbox 1099 738 1131 767; x_wconf 92' lang='lat' dir='ltr'>et</span> 
     </span>
    </p>
   </div>
   <div class='ocr_carea' id='block_1_10' title="bbox 254 788 919 879">
    <p class='ocr_par' dir='ltr' id='par_1_10' title="bbox 254 788 919 879">
     <span class='ocr_line' id='line_1_11' title="bbox 254 788 919 830; baseline -0.002 -9"><span class='ocrx_word' id='word_1_33' title='bbox 254 788 415 821; x_wconf 84' lang='lat' dir='ltr'>barbaras</span> <span class='ocrx_word' id='word_1_34' title='bbox 433 788 551 830; x_wconf 87' lang='lat' dir='ltr'>Syrtis,</span> <span class='ocrx_word' id='word_1_35' title='bbox 572 788 629 819; x_wconf 90' lang='lat' dir='ltr'>ubi</span> <span class='ocrx_word' id='word_1_36' title='bbox 647 788 769 820; x_wconf 84' lang='lat' dir='ltr'>Maura</span> <span class='ocrx_word' id='word_1_37' title='bbox 786 798 919 830; x_wconf 86' lang='lat' dir='ltr'>semper</span> 
     </span>
     <span class='ocr_line' id='line_1_12' title="bbox 435 841 682 879; baseline -0.008 -5"><span class='ocrx_word' id='word_1_38' title='bbox 435 845 563 874; x_wconf 84' lang='lat' dir='ltr'>aestuat</span> <span class='ocrx_word' id='word_1_39' title='bbox 581 841 682 879; x_wconf 85' lang='lat' dir='ltr'>unda,</span> 
     </span>
    </p>
   </div>
   <div class='ocr_carea' id='block_1_11' title="bbox 255 960 796 1005">
    <p class='ocr_par' dir='ltr' id='par_1_11' title="bbox 255 960 796 1005">
     <span class='ocr_line' id='line_1_13' title="bbox 255 960 796 1005; baseline -0.004 -11"><span class='ocrx_word' id='word_1_40' title='bbox 255 962 364 995; x_wconf 90' lang='lat' dir='ltr'>Tibur</span> <span class='ocrx_word' id='word_1_41' title='bbox 378 961 493 1005; x_wconf 88' lang='lat' dir='ltr'>Argeo</span> <span class='ocrx_word' id='word_1_42' title='bbox 510 960 658 1004; x_wconf 80' lang='lat' dir='ltr'>positum</span> <span class='ocrx_word' id='word_1_43' title='bbox 674 960 796 993; x_wconf 91' lang='lat' dir='ltr'>colono</span> 
     </span>
    </p>
   </div>
   <div class='ocr_carea' id='block_1_12' title="bbox 257 1015 858 1159">
    <p class='ocr_par' dir='ltr' id='par_1_12' title="bbox 257 1015 858 1159">
     <span class='ocr_line' id='line_1_14' title="bbox 257 1015 849 1052; baseline -0.005 -4"><span class='ocrx_word' id='word_1_44' title='bbox 257 1015 300 1048; x_wconf 87' lang='lat' dir='ltr'>sit</span> <span class='ocrx_word' id='word_1_45' title='bbox 317 1025 411 1048; x_wconf 86' lang='lat' dir='ltr'>meae</span> <span class='ocrx_word' id='word_1_46' title='bbox 428 1015 523 1047; x_wconf 85' lang='lat' dir='ltr'>sedes</span> <span class='ocrx_word' id='word_1_47' title='bbox 539 1015 669 1047; x_wconf 89' lang='lat' dir='ltr'>utinam</span> <span class='ocrx_word' id='word_1_48' title='bbox 686 1019 849 1052; x_wconf 78' lang='lat' dir='ltr'>senectae,</span> 
     </span>
     <span class='ocr_line' id='line_1_15' title="bbox 258 1064 858 1098; baseline -0.003 0"><span class='ocrx_word' id='word_1_49' title='bbox 258 1065 301 1098; x_wconf 88' lang='lat' dir='ltr'>sit</span> <span class='ocrx_word' id='word_1_50' title='bbox 319 1065 439 1098; x_wconf 86' lang='lat' dir='ltr'>domus</span> <span class='ocrx_word' id='word_1_51' title='bbox 456 1065 545 1097; x_wconf 82' lang='lat' dir='ltr'>lasso</span> <span class='ocrx_word' id='word_1_52' title='bbox 561 1065 662 1097; x_wconf 88' lang='lat' dir='ltr'>maris</span> <span class='ocrx_word' id='word_1_53' title='bbox 679 1068 712 1097; x_wconf 88' lang='lat' dir='ltr'>et</span> <span class='ocrx_word' id='word_1_54' title='bbox 728 1064 858 1096; x_wconf 84' lang='lat' dir='ltr'>viarum</span> 
     </span>
     <span class='ocr_line' id='line_1_16' title="bbox 434 1117 653 1159; baseline 0.005 -10"><span class='ocrx_word' id='word_1_55' title='bbox 434 1117 653 1159; x_wconf 83' lang='lat' dir='ltr'>militiaeque.</span> 
     </span>
    </p>
   </div>
   <div class='ocr_carea' id='block_1_13' title="bbox 259 1236 893 1426">
    <p class='ocr_par' dir='ltr' id='par_1_13' title="bbox 259 1236 893 1279">
     <span class='ocr_line' id='line_1_17' title="bbox 259 1236 893 1279; baseline -0.002 -9"><span class='ocrx_word' id='word_1_56' title='bbox 259 1237 349 1270; x_wconf 89' lang='lat' dir='ltr'>unde</span> <span class='ocrx_word' id='word_1_57' title='bbox 365 1237 392 1269; x_wconf 89' lang='lat' dir='ltr'>si</span> <span class='ocrx_word' id='word_1_58' title='bbox 410 1238 534 1270; x_wconf 86' lang='lat' dir='ltr'>Parcae</span> <span class='ocrx_word' id='word_1_59' title='bbox 550 1236 731 1279; x_wconf 81' lang='lat' dir='ltr'>prohibent</span> <span class='ocrx_word' id='word_1_60' title='bbox 748 1236 893 1279; x_wconf 79' lang='lat' dir='ltr'>iniquae,</span> 
     </span>
    </p>

    <p class='ocr_par' dir='ltr' id='par_1_14' title="bbox 259 1289 786 1332">
     <span class='ocr_line' id='line_1_18' title="bbox 259 1289 786 1332; baseline -0.006 -9"><span class='ocrx_word' id='word_1_61' title='bbox 259 1290 358 1323; x_wconf 88' lang='lat' dir='ltr'>dulce</span> <span class='ocrx_word' id='word_1_62' title='bbox 371 1289 498 1332; x_wconf 84' lang='lat' dir='ltr'>pellitis</span> <span class='ocrx_word' id='word_1_63' title='bbox 515 1289 634 1320; x_wconf 86' lang='lat' dir='ltr'>ovibus</span> <span class='ocrx_word' id='word_1_64' title='bbox 652 1289 786 1320; x_wconf 80' lang='lat' dir='ltr'>Galaesi</span> 
     </span>
    </p>

    <p class='ocr_par' dir='ltr' id='par_1_15' title="bbox 260 1341 863 1426">
     <span class='ocr_line' id='line_1_19' title="bbox 260 1341 863 1383; baseline -0.005 -7"><span class='ocrx_word' id='word_1_65' title='bbox 260 1343 385 1376; x_wconf 87' lang='lat' dir='ltr'>flumen</span> <span class='ocrx_word' id='word_1_66' title='bbox 402 1346 435 1375; x_wconf 80' lang='lat' dir='ltr'>et</span> <span class='ocrx_word' id='word_1_67' title='bbox 452 1347 589 1383; x_wconf 84' lang='lat' dir='ltr'>regnata</span> <span class='ocrx_word' id='word_1_68' title='bbox 606 1346 719 1382; x_wconf 85' lang='lat' dir='ltr'>petam</span> <span class='ocrx_word' id='word_1_69' title='bbox 737 1341 863 1373; x_wconf 86' lang='lat' dir='ltr'>Laconi</span> 
     </span>
     <span class='ocr_line' id='line_1_20' title="bbox 436 1392 731 1426; baseline -0.007 0"><span class='ocrx_word' id='word_1_70' title='bbox 436 1403 513 1426; x_wconf 83' lang='lat' dir='ltr'>rura</span> <span class='ocrx_word' id='word_1_71' title='bbox 530 1392 731 1425; x_wconf 78' lang='lat' dir='ltr'>Phalantho.</span> 
     </span>
    </p>
   </div>
   <div class='ocr_carea' id='block_1_14' title="bbox 258 1513 881 1706">
    <p class='ocr_par' dir='ltr' id='par_1_16' title="bbox 261 1513 871 1555">
     <span class='ocr_line' id='line_1_21' title="bbox 261 1513 871 1555; baseline -0.003 -7"><span class='ocrx_word' id='word_1_72' title='bbox 261 1515 319 1548; x_wconf 91' lang='lat' dir='ltr'>ille</span> <span class='ocrx_word' id='word_1_73' title='bbox 336 1519 499 1548; x_wconf 85' lang='lat' dir='ltr'>terrarum</span> <span class='ocrx_word' id='word_1_74' title='bbox 517 1513 598 1545; x_wconf 81' lang='lat' dir='ltr'>mihi</span> <span class='ocrx_word' id='word_1_75' title='bbox 615 1518 746 1555; x_wconf 85' lang='lat' dir='ltr'>praeter</span> <span class='ocrx_word' id='word_1_76' title='bbox 762 1513 871 1546; x_wconf 88' lang='lat' dir='ltr'>omnis</span> 
     </span>
    </p>

    <p class='ocr_par' dir='ltr' id='par_1_17' title="bbox 258 1563 881 1608">
     <span class='ocr_line' id='line_1_22' title="bbox 258 1563 881 1608; baseline -0.005 -10"><span class='ocrx_word' id='word_1_77' title='bbox 258 1566 402 1608; x_wconf 86' lang='lat' dir='ltr'>angulus</span> <span class='ocrx_word' id='word_1_78' title='bbox 419 1565 505 1597; x_wconf 89' lang='lat' dir='ltr'>ridet</span> <span class='ocrx_word' id='word_1_79' title='bbox 521 1577 528 1596; x_wconf 89' lang='lat'>:</span> <span class='ocrx_word' id='word_1_80' title='bbox 555 1563 611 1595; x_wconf 89' lang='lat' dir='ltr'>ubi</span> <span class='ocrx_word' id='word_1_81' title='bbox 630 1574 697 1594; x_wconf 90' lang='lat' dir='ltr'>non</span> <span class='ocrx_word' id='word_1_82' title='bbox 716 1564 881 1604; x_wconf 84' lang='lat' dir='ltr'>Hymetto</span> 
     </span>
    </p>

    <p class='ocr_par' dir='ltr' id='par_1_18' title="bbox 259 1615 843 1706">
     <span class='ocr_line' id='line_1_23' title="bbox 259 1615 843 1658; baseline -0.009 -7"><span class='ocrx_word' id='word_1_83' title='bbox 259 1618 361 1651; x_wconf 84' lang='lat' dir='ltr'>mella</span> <span class='ocrx_word' id='word_1_84' title='bbox 377 1617 545 1650; x_wconf 82' lang='lat' dir='ltr'>decedunt</span> <span class='ocrx_word' id='word_1_85' title='bbox 559 1615 723 1658; x_wconf 81' lang='lat' dir='ltr'>viridique</span> <span class='ocrx_word' id='word_1_86' title='bbox 739 1619 843 1647; x_wconf 82' lang='lat' dir='ltr'>certat</span> 
     </span>
     <span class='ocr_line' id='line_1_24' title="bbox 436 1668 698 1706; baseline -0.011 -4"><span class='ocrx_word' id='word_1_87' title='bbox 436 1670 522 1702; x_wconf 85' lang='lat' dir='ltr'>baca</span> <span class='ocrx_word' id='word_1_88' title='bbox 537 1668 698 1706; x_wconf 83' lang='lat' dir='ltr'>Venafro,</span> 
     </span>
    </p>
   </div>
   <div class='ocr_carea' id='block_1_15' title="bbox 258 1787 914 1980">
    <p class='ocr_par' dir='ltr' id='par_1_19' title="bbox 258 1787 914 1831">
     <span class='ocr_line' id='line_1_25' title="bbox 258 1787 914 1831; baseline -0.005 -8"><span class='ocrx_word' id='word_1_89' title='bbox 258 1801 316 1823; x_wconf 88' lang='lat' dir='ltr'>ver</span> <span class='ocrx_word' id='word_1_90' title='bbox 332 1790 389 1822; x_wconf 90' lang='lat' dir='ltr'>ubi</span> <span class='ocrx_word' id='word_1_91' title='bbox 407 1790 545 1831; x_wconf 82' lang='lat' dir='ltr'>longum</span> <span class='ocrx_word' id='word_1_92' title='bbox 562 1788 759 1831; x_wconf 82' lang='lat' dir='ltr'>tepidasque</span> <span class='ocrx_word' id='word_1_93' title='bbox 777 1787 914 1830; x_wconf 85' lang='lat' dir='ltr'>praebet</span> 
     </span>
    </p>

    <p class='ocr_par' dir='ltr' id='par_1_20' title="bbox 259 1841 903 1886">
     <span class='ocr_line' id='line_1_26' title="bbox 259 1841 903 1886; baseline -0.008 -10"><span class='ocrx_word' id='word_1_94' title='bbox 259 1843 414 1886; x_wconf 88' lang='lat' dir='ltr'>Iuppiter</span> <span class='ocrx_word' id='word_1_95' title='bbox 429 1843 576 1880; x_wconf 75' lang='lat' dir='ltr'>brunias,</span> <span class='ocrx_word' id='word_1_96' title='bbox 597 1847 629 1873; x_wconf 89' lang='lat' dir='ltr'>et</span> <span class='ocrx_word' id='word_1_97' title='bbox 646 1841 772 1873; x_wconf 86' lang='lat' dir='ltr'>amicus</span> <span class='ocrx_word' id='word_1_98' title='bbox 789 1841 903 1872; x_wconf 81' lang='lat' dir='ltr'>Aulon</span> 
     </span>
    </p>

    <p class='ocr_par' dir='ltr' id='par_1_21' title="bbox 259 1893 875 1980">
     <span class='ocr_line' id='line_1_27' title="bbox 259 1893 875 1928; baseline -0.008 1"><span class='ocrx_word' id='word_1_99' title='bbox 259 1895 359 1928; x_wconf 79' lang='lat' dir='ltr'>fertili</span> <span class='ocrx_word' id='word_1_100' title='bbox 377 1895 512 1928; x_wconf 82' lang='lat' dir='ltr'>Baccho</span> <span class='ocrx_word' id='word_1_101' title='bbox 529 1894 706 1926; x_wconf 82' lang='lat' dir='ltr'>minimum</span> <span class='ocrx_word' id='word_1_102' title='bbox 725 1893 875 1925; x_wconf 83' lang='lat' dir='ltr'>Falernis</span> 
     </span>
     <span class='ocr_line' id='line_1_28' title="bbox 435 1946 663 1980; baseline 0 -1"><span class='ocrx_word' id='word_1_103' title='bbox 435 1947 563 1980; x_wconf 84' lang='lat' dir='ltr'>invidet</span> <span class='ocrx_word' id='word_1_104' title='bbox 580 1946 663 1979; x_wconf 85' lang='lat' dir='ltr'>uvis.</span> 
     </span>
    </p>
   </div>
   <div class='ocr_carea' id='block_1_16' title="bbox 1130 1304 1162 1321">
    <p class='ocr_par' dir='ltr' id='par_1_22' title="bbox 1130 1304 1162 1321">
     <span class='ocr_line' id='line_1_29' title="bbox 1130 1304 1162 1321; baseline 0.031 -1"><span class='ocrx_word' id='word_1_105' title='bbox 1130 1304 1162 1321; x_wconf 85' lang='lat'>10</span> 
     </span>
    </p>
   </div>
  </div>
 </body>
</html>
