1458 2315
172 151 237 193 1v.]

167 684 229 718 IV.

431 152 706 183 CARMJNUM
728 151 873 182 LIBER
900 151 947 181 II.
1167 157 1208 188 43

348 237 466 260 omnes
482 227 602 260 eodem
618 227 790 270 cogimur3
816 225 968 259 omnium

348 284 500 313 versatur
515 290 599 312 urna
611 280 715 312 serius
732 279 825 312 ocius

391 343 463 366 sors
478 333 608 366 exitura
623 338 656 365 et
672 343 733 365 nos
750 333 785 364 in
801 336 974 365 aeternum

435 385 590 419 exsilium
606 385 804 429 impositura
819 385 975 419 cumbae.

449 684 479 717 E
496 685 539 718 sit
555 683 697 718 ancillae
714 683 776 717 tibi
792 694 887 716 amor
902 683 1033 727 pudori,

468 737 622 770 Xanthia
639 737 776 770 Phoceu
789 749 799 777 3
823 737 917 780 prius
933 736 1135 770 insolentem

341 799 438 823 serva
454 789 579 822 Briseis
595 789 696 822 niveo
711 789 825 822 colore

518 842 623 875 movit
640 842 811 875 Achillem
824 854 835 882 ;

339 962 446 995 movit
463 962 607 995 Aiacem
623 962 809 995 Telamone
826 966 944 995 natum

339 1015 450 1048 forma
464 1015 617 1058 captivae
632 1015 811 1047 dominum
827 1016 1027 1048 Tecmessae
1043 1027 1054 1056 ς

339 1068 419 1101 arsit
434 1068 573 1101 Atrides
589 1068 702 1101 medio
719 1068 754 1100 in
769 1068 942 1112 triumpho

515 1121 645 1163 virgine
660 1126 767 1164 rapta,

337 1239 500 1272 barbarae
517 1244 699 1282 postquam
715 1240 866 1274 cecidere
883 1243 1013 1275 turmae

339 1291 505 1324 Thessalo
522 1292 647 1325 victore
667 1297 699 1325 et
715 1293 894 1336 ademptus
913 1295 1044 1328 Hector
1168 1311 1200 1328 10

338 1345 477 1377 tradidit
494 1344 588 1377 fessis
604 1345 731 1378 leviora
747 1346 823 1378 tolli

516 1398 680 1440 Pergama
697 1398 806 1431 Grais.

337 1517 467 1549 nescias
483 1528 526 1549 an
541 1522 575 1550 tc
591 1528 750 1559 generum
766 1519 858 1552 beati

338 1570 503 1611 Phyllidis
521 1570 626 1603 ssavae
642 1572 800 1604 decorent
818 1576 971 1615 parentes
986 1584 997 1613 ς

334 1623 464 1665 regium
480 1627 569 1655 certe
585 1634 701 1665 genus,
721 1629 754 1656 et
772 1626 908 1659 Penatis

511 1680 636 1708 maeret
655 1676 798 1719 iniquos.

332 1792 432 1825 crede
448 1802 516 1824 non
534 1793 627 1826 illam
643 1795 703 1827 tibi
721 1796 764 1829 de
781 1797 920 1830 scelesta

332 1845 434 1887 plebe
450 1844 621 1886 dilectam,
639 1858 747 1890 neque
762 1849 809 1882 sic
827 1851 971 1891 fidelem,

330 1898 377 1931 sic
394 1898 487 1932 lucro
504 1910 655 1932 aversam
673 1902 821 1943 potuisse
837 1905 929 1937 nasci

508 1957 616 1985 matre
633 1954 801 1996 pudenda.
1160 1971 1195 1990 πο
