1410 2283
271 125 330 146 m
540 114 576 153 Q.
609 113 740 144 ΗΘΜ
750 112 800 144 r!
824 111 996 145 macc!
1216 111 1293 154 [vu.

270 194 327 222 aut
346 188 549 222 Placideiani
566 191 725 221 contento
741 185 871 230 poplite
887 186 991 220 miror

270 241 397 285 proelia
416 240 546 273 rubrim
561 240 650 282 picta
666 244 721 271 aut
739 238 895 278 carbone,
914 238 1007 272 velut
1021 238 1051 272 si

271 305 306 327 re
322 305 398 326 vem
415 298 576 336 pugnent,
595 291 714 324 feriant
731 291 904 333 vitentque
920 294 1094 323 moventes

270 356 363 377 anna
379 345 439 377 viri
453 346 468 376 ἲ
490 354 633 386 nequam
650 349 682 375 et
697 347 846 375 cessator
863 342 979 375 Davus
993 353 1002 375 ε
1027 346 1062 375 at
1080 342 1152 385 ipse
1251 356 1302 376 ιοο

270 397 401 429 subtilis
418 403 564 429 veterum
583 395 681 427 iudex
697 399 730 426 et
747 393 889 426 callidus
905 393 1012 427 audis.

271 450 316 482 nil
334 460 407 492 ego,
428 449 454 481 si
472 448 576 481 ducor
592 447 662 479 libo
678 446 847 479 fumante:
870 445 932 478 tibi
949 445 1067 488 ingens

271 503 372 534 virtus
389 508 488 544 atque
504 501 635 533 animus
650 499 742 532 cenis
757 502 930 541 responsat
946 497 1094 541 opimis?

271 554 468 597 obsequium
487 553 609 585 ventris
625 551 707 583 mihi
725 550 944 594 perniciosius
959 554 1008 583 est
1025 551 1107 583 cur?

271 613 364 649 tergo
381 605 508 648 plector
524 604 625 637 enim.
675 603 732 646 qui
749 609 784 635 tu
801 601 996 645 impunitior
1013 601 1072 635 illa

270 670 356 701 quae
373 668 476 700 parvo
493 656 577 689 sumi
595 660 764 698 nequeunt
781 654 922 687 obsonia
937 654 1080 698 captas?

270 721 391 752 nempe
409 710 652 741 inamarescunt
670 707 789 750 epulae
804 706 876 739 sine
892 705 960 739 fine
975 706 1111 749 petitae,

271 762 425 804 illusique
443 761 544 803 pedes
561 759 716 791 vitiosum
735 758 818 791 serre
835 762 988 790 recusant

269 825 401 857 corpus,
449 823 493 845 an
509 812 562 844 hic
579 816 706 854 peccat,
725 811 788 843 sub
803 809 1011 854 noctem-qui
1029 820 1112 853 puer
1129 820 1230 843 uvam

270 867 390 899 furtiva
406 871 510 897 mutat
527 863 671 906 strigili?
692 863 749 905 qui
766 861 904 905 praedia
918 861 1046 900 vendit,
1249 877 1299 895 no
1382 891 1399 903 „

270 918 318 951 nil
333 917 452 950 servile
467 915 565 959 gulae
582 925 702 957 parens
716 913 844 946 habet?
865 913 953 946 adde
969 913 1061 956 quod
1078 913 1170 946 idem
1375 911 1387 923 ⁴

270 981 337 1003 non
354 970 470 1002 horam
487 975 595 1001 tecum
612 978 683 1000 esse
700 971 805 1010 poteS,
825 976 894 998 non
911 966 981 998 otia
998 970 1088 998 recte
1381 952 1410 1014 ι’·

271 1033 406 1066 ponere,
425 1027 524 1063 teque
542 1021 651 1062 ipsum
667 1019 751 1051 vitas
768 1017 926 1060 fugitivus
941 1022 975 1050 et
992 1027 1078 1058 erro,
1406 990 1410 1072 ¹

270 1077 338 1108 iam
354 1075 433 1106 vino
448 1083 621 1116 quaerens,
642 1071 708 1103 iam
725 1080 844 1103 somno
861 1068 976 1102 fallere
993 1079 1109 1102 curam
1124 1080 1135 1109 ;

271 1127 389 1160 frustra
404 1139 412 1159 ι
436 1136 514 1157 nam
530 1134 642 1156 eomes
658 1128 730 1155 atra
750 1121 872 1165 premit
888 1121 1105 1166 sequiturque
1119 1121 1297 1165 fugacem?

271 1180 360 1212 unde
397 1178 481 1211 mihi
518 1176 686 1220 lapidem?
736 1176 916 1218 ‘quorsum
953 1178 1005 1208 est
1041 1172 1170 1218 opus?'
1208 1173 1298 1207 unde

465 1230 541 1262 ittas
552 1230 566 1261 ?

275 1287 284 1301 ‘
294 1290 351 1317 aut
368 1241 490 1316 insggnit
505 1282 610 1314 homo
626 1283 683 1313 aut
699 1289 812 1312 versus
828 1277 932 1312 facit)
978 1277 1073 1311 ocius
1087 1276 1168 1311 hinc
1182 1281 1216 1310 te

272 1338 307 1370 ni
323 1337 422 1380 rapis,
443 1334 581 1368 accedes
596 1343 700 1377 opera
714 1343 797 1376 agro
813 1342 903 1365 nona
920 1330 1061 1366 Sabino.

273 1550 378 1584 VIII.
506 1548 538 1581 T
554 1546 731 1580 Nasidieni
748 1545 831 1579 iuvit
848 1550 881 1579 te
897 1547 981 1578 Cena
994 1543 1086 1578 bati
1097 1544 1114 1577 ἲ

529 1611 608 1633 nam
620 1599 705 1632 mihi
717 1598 894 1632 convivam
910 1595 1086 1641 quaerenti
1097 1595 1209 1630 dictus
1216 1593 1297 1629 here

650 1652 722 1685 illie

271 1705 315 1740 de
330 1706 443 1739 medio
458 1710 574 1749 potare
591 1705 656 1737 die.
711 1705 720 1720 ‘
733 1703 780 1737 sic
795 1706 833 1736 ut
848 1700 932 1734 mihi
947 1710 1133 1743 numquam

271 1759 307 1791 in
322 1758 390 1791 vita
407 1757 505 1790 suerit
520 1754 665 1789 melius!
712 1755 778 1794 dic,
798 1754 826 1787 si
841 1762 944 1796 grave
959 1761 1030 1784 non
1040 1756 1103 1791 est,

271 1820 358 1854 quae
372 1810 482 1853 prima
497 1809 619 1842 iratum
634 1813 785 1841 ventrem
800 1803 982 1850 placaverit
997 1813 1086 1837 δοε-

275 1865 285 1879 ‘
297 1862 332 1894 in
348 1863 466 1904 primis
482 1863 639 1895 Luoenus
653 1871 735 1904 aper
750 1872 759 1893 ε
782 1859 850 1892 leni
865 1857 928 1891 fuit
944 1856 1073 1890 Austro

273 1919 400 1956 captus,
420 1919 456 1946 ut
472 1914 584 1946 aiebat
600 1923 703 1946 cenae
719 1915 814 1954 pater
831 1922 841 1943 ι
864 1908 956 1943 acria
970 1907 1097 1941 circum
