1410 2283
257 127 316 158 190
539 118 576 157 Q.
608 117 739 148 HORA
750 117 798 148 TI
821 116 994 150 FLACCI
1225 116 1276 160 [Χ.

255 193 320 225 hoc
337 196 416 231 emt,
438 196 577 235 experto
594 192 714 226 {nistra
730 193 882 226 Varrone
897 192 1045 227 Atacino

255 251 356 288 atque
375 245 576 288 quibusdam
594 245 679 285 aliis,
700 245 819 278 melius
835 245 926 289 quod
942 245 1087 279 scribere
1100 256 1246 290 possem,

255 299 428 331 inventore
445 299 555 330 minor
572 309 581 337 3
606 308 714 341 neque
730 308 794 340 ego
811 298 859 331 'rui
876 297 1051 332 detrahere
1065 298 1174 332 ausim

254 351 450 385 haerentem
466 350 570 393 capiti
589 361 664 382 cum
682 350 788 382 multa
804 349 904 382 laude
915 360 1086 384 coronam.

255 410 288 435 at
305 403 373 434 dixi
393 403 492 435 fluere
510 403 597 434 hunc
614 402 825 441 lutulentum,
841 413 941 446 saepe
957 402 1121 436 ferentem

256 455 350 498 plura
366 455 502 497 quidem
520 455 670 487 tollenda
688 454 925 498 relinquendis.
973 465 1048 498 age,
1066 465 1204 499 quaeso,

256 514 290 540 tu
310 508 391 539 nihil
410 508 442 539 in
456 518 579 549 magno
595 507 715 540 doctus
731 507 905 550 reprendis
923 507 1102 541 Homero?
1246 513 1284 541 6ο

255 560 302 592 nil
319 560 424 592 comis
441 560 556 601 tragici
575 565 679 592 mutat
700 559 847 592 Lucilius
865 559 950 592 Acci
962 560 978 592 Ρ

256 623 322 644 non
341 612 422 644 ridet
441 622 554 644 versus
572 611 660 643 Enni
675 612 839 654 gravitate
855 612 1013 652 minores,

257 675 331 696 cum
348 665 390 696 dc
407 675 440 696 se
458 664 604 706 loquitur
622 675 689 696 non
706 670 740 696 ut
759 664 884 697 maiore
897 664 1062 707 reprensis
1074 664 1091 697 ?

257 717 336 759 quid
354 722 441 748 vetat
460 723 491 748 et
511 722 639 748 nosmet
660 716 766 749 Lucili
784 717 909 759 scripta
923 716 1067 760 legentis

257 779 415 812 quaerere
433 779 512 800 num
531 768 630 806 illius,
652 779 731 800 num
751 779 859 800 rerum
875 769 959 801 dura
973 768 1103 811 negarit

257 820 436 854 versiculos
453 827 570 852 natura
587 819 693 862 magis
712 820 817 853 factos
834 826 867 852 et
883 820 994 853 euntis

258 873 401 911 mollius,
422 883 461 905 ac
477 873 581 914 siquis
597 872 740 915 pedibus
755 872 837 914 quid
854 872 1010 905 claudere
1026 873 1126 912 senis,

257 926 321 959 hoc
338 931 466 957 tantum
485 930 671 963 contentuS,
692 929 782 956 amet
799 924 969 967 scripsisse
986 924 1148 958 ducentos

256 984 333 1010 ante
350 978 462 1009 cibum
482 987 604 1015 versus,
626 976 766 1009 totidem
783 982 919 1009 cenatus
935 988 946 1016 3
970 976 1103 1010 Etrusci

257 1030 356 1073 quale
374 1029 432 1062 suit
451 1030 546 1062 Cassi
563 1029 682 1071 rapido
699 1029 879 1061 ferventius
894 1028 986 1061 amni
1247 1044 1288 1070 70

257 1082 426 1124 ingenium
442 1093 450 1120 ;
474 1081 583 1124 capsis
601 1091 700 1124 quem
720 1081 808 1113 sama
824 1086 874 1113 est
891 1091 962 1113 esse
978 1080 1138 1124 librisque

256 1135 446 1166 ambustum
464 1133 616 1176 propriis.
667 1133 763 1166 suerit
782 1133 941 1173 Lucilius,
962 1133 1112 1177 inquam,

256 1186 361 1218 comis
377 1192 409 1218 et
426 1186 581 1223 urbanus,
602 1184 700 1217 suerit
717 1185 866 1218 limatior
881 1185 971 1218 idem

257 1249 356 1281 quam
373 1238 464 1270 rudis
479 1244 512 1270 et
529 1237 668 1270 Graecis
685 1237 801 1270 intacti
817 1237 974 1271 mrminis
990 1242 1107 1270 auctor

256 1301 424 1333 quamque
440 1296 613 1333 poetarum
632 1290 802 1322 seniorum
818 1290 915 1322 turba
929 1301 938 1322 ε
960 1289 1021 1323 sed
1037 1290 1106 1330 ille,

256 1344 283 1376 si
301 1343 383 1375 soret
401 1342 465 1374 hoc
482 1346 632 1374 nostrum
650 1341 718 1374 sato
735 1341 859 1374 dilatus
874 1341 909 1374 in
923 1352 1056 1382 aevum,

256 1395 419 1427 detereret
435 1395 499 1426 sibi
514 1394 631 1433 multa,
652 1394 813 1427 recideret
829 1404 930 1426 omne
945 1394 1038 1437 quod
1052 1394 1141 1428 ultra

256 1447 441 1490 perfectum
458 1446 652 1485 traheretur,
673 1451 705 1479 et
722 1446 756 1478 in
772 1456 868 1479 versu
885 1446 1040 1480 faciendo

256 1510 356 1541 saepe
372 1504 473 1541 caput
490 1498 650 1537 scaberet,
674 1498 768 1530 vivos
783 1503 817 1530 et
831 1498 964 1531 roderet
979 1499 1112 1542 unguis.

257 1561 356 1593 saepe
373 1550 486 1583 stilum
501 1556 620 1589 vertas,
641 1550 762 1582 iterum
777 1560 863 1592 quae
879 1550 982 1593 digua
998 1551 1064 1594 legi
1080 1552 1147 1585 sint
1246 1558 1283 1585 8ο

256 1603 448 1645 scripturus,
468 1613 576 1645 neque
593 1607 625 1634 te
642 1607 678 1634 ut
695 1602 832 1634 miretur
847 1602 945 1634 turba
956 1602 1098 1641 labores.

256 1660 433 1686 contentus
450 1654 564 1697 paucis
581 1654 770 1686 lectoribus.
819 1663 864 1686 an
879 1658 938 1686 tua
952 1654 1092 1688 demens

257 1706 377 1738 vilibus
394 1706 428 1738 in
445 1706 532 1738 ludis
548 1706 667 1738 dictari
683 1705 833 1738 carmina
844 1706 967 1739 malis?

256 1769 324 1790 non
341 1768 404 1800 ego
423 1770 431 1790 :
454 1768 534 1790 nam
551 1758 631 1790 satis
647 1762 696 1791 est
712 1758 860 1801 equitem
876 1759 960 1792 mihi
976 1759 1146 1803 plaudere,
1165 1762 1204 1792 ut

389 1809 499 1841 audax

257 1861 459 1903 contemptis
475 1861 550 1893 aliis
566 1861 704 1904 explosa
719 1861 908 1895 Arbuscula
921 1863 1017 1896 dixit.

259 1923 337 1944 men
353 1917 487 1944 moveat
504 1913 612 1945 cimex
630 1913 802 1954 Pantilius,
821 1919 879 1947 aut
895 1915 1018 1948 cruciet
1033 1913 1126 1958 quod
