1458 2315
130 145 171 188 1.]
348 144 709 176 EPISTULARUM
731 144 876 174 LIBER
902 143 948 174 Il.
1111 143 1172 181 267

130 221 287 255 describi.
335 226 466 255 vertere
480 220 630 260 modurn,
651 218 830 252 formidine
846 217 944 251 fustis

132 275 178 307 ad
192 275 279 308 bene
295 274 479 307 dicendum
495 273 802 315 delectandumque
817 271 957 304 redacti.

135 327 281 360 Graecia
297 332 398 370 capta
412 326 520 359 ferum
536 327 698 358 victorem
715 325 806 367 cepit
822 329 855 357 et
871 330 960 357 artes

134 380 249 412 intulit
264 381 388 423 agresti
404 380 515 412 Latio.
565 379 612 412 sic
628 379 784 411 horridus
800 378 857 410 ille

132 433 273 466 defluxit
289 443 448 466 numerus
467 432 653 470 Saturnius,
675 436 708 463 et
724 441 825 474 grave
842 431 934 462 virus

132 486 319 519 munditiae
334 485 514 528 pepulere:
538 485 598 517 sed
614 484 649 516 in
665 484 804 526 longum
815 488 933 530 tamen
949 493 1069 516 aevum

132 546 327 573 manserunt
343 540 512 583 hodieque
528 544 668 571 manent
685 539 825 581 vestigia
843 538 937 570 ruris.
1122 544 1173 568 160

132 604 225 626 serus
241 593 332 626 enim
351 593 490 626 Graecis
506 592 658 624 admovit
674 591 830 624 acumina
846 591 980 630 chartis,

131 651 166 678 et
182 651 260 689 post
278 646 406 678 Punica
420 645 511 677 bella
528 645 660 688 quietus
676 655 836 687 quaerere
852 643 964 686 coepit

133 699 215 743 quid
233 698 422 743 Sophocles
438 704 471 730 et
487 698 633 740 Thespis
650 703 682 730 et
698 697 887 739 Aeschylus
904 696 986 728 utile
1003 695 1136 729 ferrent.

133 750 313 794 temptavit
329 761 464 794 quoque
480 762 552 783 rem
569 751 596 782 si
613 750 715 792 digne
731 755 861 782 vertere
877 754 1005 792 posset,

132 809 166 838 et
177 804 306 848 placuit
321 804 397 844 sibi,
418 809 537 835 natura
552 802 706 835 sublimis
722 807 755 834 et
771 812 847 834 acer
863 814 870 834 :

131 868 213 890 nam
229 858 335 901 spirat
350 857 515 900 tragicum
531 856 612 888 satis
624 860 658 888 et
674 855 816 888 feliciter
830 854 943 895 audet,

131 910 192 943 sed
208 915 342 954 turpem
357 914 454 953 putat
470 909 589 942 inscite
606 908 791 952 metuitque
808 908 954 941 lituram.

129 963 289 1004 creditur,
305 974 347 996 ex
363 963 476 995 medio
492 962 570 1005 quia
586 973 638 994 res
655 961 802 1000 arcessit,
823 961 947 993 habere

131 1016 264 1048 sudoris
279 1016 457 1048 minimum
467 1027 477 1055 ;
499 1015 559 1047 sed
577 1015 679 1047 habet
696 1015 872 1046 comoedia
888 1019 984 1046 tanto

87 1106 92 1110 ,
132 1069 210 1112 plus
227 1070 338 1102 oneris
353 1074 480 1112 quanto
497 1068 615 1100 veniae
632 1069 753 1099 minus.
800 1067 936 1110 adspice
954 1067 1094 1101 Plautus
1124 1084 1174 1109 170

133 1132 202 1164 quo
218 1127 319 1164 pacto
335 1126 446 1164 partes
463 1125 573 1152 tuetur
590 1119 733 1151 amantis
749 1118 883 1161 ephebi,

131 1180 169 1207 ut
183 1174 288 1218 patris
302 1173 434 1212 attenti,
454 1172 585 1205 lenonis
602 1177 637 1204 ut
655 1172 817 1212 insidiosi,

131 1231 278 1271 quantus
295 1227 337 1258 sit
352 1227 549 1258 Dossennus
563 1224 720 1257 edacibus
738 1225 771 1256 in
785 1225 950 1267 parasitis,

133 1291 237 1324 quam
253 1290 322 1311 non
338 1279 497 1311 adstricto
514 1282 685 1321 percurrat
703 1278 833 1321 pulpita
849 1290 960 1311 socco.

135 1333 236 1377 gestit
252 1332 343 1365 enim
356 1343 531 1364 nummum
548 1332 583 1363 in
599 1331 728 1364 loculos
744 1331 932 1372 demittere,
954 1338 1031 1375 post
1046 1332 1112 1366 hoc

135 1396 272 1419 securus
289 1385 388 1417 cadat
405 1395 448 1416 an
464 1390 555 1417 recto
572 1389 637 1417 stet
655 1383 768 1416 sabula
785 1384 865 1417 talo.

135 1449 237 1482 quem
254 1437 331 1470 tulit
348 1438 391 1469 ad
408 1448 564 1470 scaenam
582 1443 721 1469 ventoso
739 1437 857 1469 Gloria
874 1448 980 1478 curm,

135 1490 304 1523 exanimat
323 1490 432 1523 lentus
445 1495 623 1532 spectator,
644 1489 778 1522 sedulus
795 1489 908 1524 inflat:

137 1543 185 1576 sic
201 1543 285 1582 leve,
306 1543 353 1575 sic
370 1554 510 1585 parvum
528 1548 587 1582 est,
608 1543 758 1574 animum
774 1543 866 1585 quod
883 1543 992 1575 laudis
1008 1554 1146 1576 avarum

134 1596 264 1629 subruit
281 1601 339 1628 aut
356 1596 471 1628 reficit.
521 1595 631 1628 valeat
649 1606 700 1628 res
717 1595 856 1633 ludicra,
873 1596 900 1628 si
918 1607 971 1628 mc
1125 1604 1176 1629 130

136 1649 252 1692 palma
268 1653 390 1691 negata
406 1659 566 1687 macrum,
587 1648 714 1680 donata
730 1648 857 1680 reducit
871 1649 1032 1691 opimum.

135 1712 238 1744 saepe
255 1701 357 1733 etiam
373 1701 536 1733 audacem
554 1701 645 1743 sugat
662 1701 727 1733 hoc
744 1706 911 1743 terretque
928 1706 1076 1743 poetam,

137 1754 230 1796 quod
247 1764 387 1785 numero
402 1753 526 1796 plures,
541 1753 663 1785 virtute
678 1758 713 1786 et
729 1753 858 1785 honore
875 1753 1031 1794 minores,

136 1805 266 1839 indocti
283 1806 464 1848 stolidique
481 1810 513 1837 et
531 1805 725 1848 depugnare
742 1806 860 1848 parati,

135 1858 164 1891 si
181 1858 351 1890 discordet
367 1868 479 1900 eques,
499 1858 613 1889 media
630 1858 715 1890 inter
730 1859 880 1890 carmina
895 1862 1038 1900 poscunt

135 1915 194 1944 aut
209 1921 324 1943 ursum
339 1915 398 1942 aut
413 1911 562 1953 pugiles:
586 1911 640 1943 his
656 1922 734 1943 nam
751 1911 929 1954 plebecula
944 1911 1079 1954 gaudet.

136 1973 255 1997 verum
271 1962 394 2008 equitis
409 1973 544 2007 quoque
562 1963 630 1996 iam
646 1963 803 2007 migravit
818 1964 862 1998 ab
878 1974 958 1999 aure
975 1964 1132 2009 voluptas
