1458 2315
117 147 160 191 L]
328 149 689 181 EPISTULARUM
711 151 855 181 LIBER
881 153 928 182 Il.

117 224 222 269 siquis
237 225 422 258 amicorum
438 229 489 258 est
505 235 603 258 ausus
620 226 824 268 reprendere
839 237 972 259 versum
989 238 999 267 ;

116 288 195 311 cum
209 277 287 311 loca
301 279 369 310 iam
385 279 526 311 recitata
541 278 745 310 revolvimus
761 279 965 319 inrevocati3

116 341 195 364 cum
210 331 437 364 lamentamur
451 342 520 363 non
537 342 699 374 apparere
715 331 848 364 labores

116 388 250 417 nostros
270 389 302 416 et
319 384 411 416 tenui
428 384 574 416 deducta
590 389 748 426 poemata
765 383 822 416 filo
832 396 842 424 3

115 446 193 469 cum
209 447 382 480 speramus
397 447 438 469 eo
455 447 524 469 rem
542 442 716 469 venturam
732 442 779 476 ut,
801 437 899 469 simul
917 442 1018 480 atque

116 489 266 522 carmina
282 490 430 522 rescieris
447 501 508 522 nos
526 489 660 532 fingere,
681 490 878 522 commodus
895 490 983 523 ultro

115 551 262 574 arcessas
278 548 312 574 et
325 552 423 584 egere
439 547 531 574 vetes
547 548 580 574 et
598 542 741 574 scribere
757 553 876 584 cogas:

115 594 174 626 sed
191 599 302 627 tamen
320 600 369 627 est
386 605 507 637 operae
523 595 669 638 pretium
686 605 888 636 cognoscere
905 595 1016 638 qualis

113 646 267 679 aedituos
283 646 406 679 habeat
419 647 500 678 belli
516 651 663 689 spectata
680 647 840 689 domique

113 698 229 739 virtus,
245 699 386 742 indigno
401 710 471 731 non
485 699 727 732 committenda
742 705 874 741 poetae.

111 755 227 794 gratus
244 751 440 784 Alexandro
456 751 527 794 regi
542 761 666 793 magno
684 751 744 782 suit
761 751 818 783 ille

113 803 300 843 Choerilus,
321 803 454 835 incultis
471 803 529 846 qui
541 803 692 835 versibus
708 808 740 834 et
757 802 846 835 male
863 803 951 836 natis

110 856 238 889 rettulit
253 861 419 899 acceptos,
440 855 552 898 regale
567 856 744 895 nomisma,
767 855 956 899 Philippos.

109 908 170 942 sed
186 909 289 942 veluti
305 913 447 941 tractata
462 913 579 940 notam
596 908 774 950 labemque
790 909 965 942 remittunt

108 965 305 1002 atramenta,
326 961 393 994 fere
407 961 584 1004 scriptores
600 962 748 994 carmine
765 961 865 994 foedo

108 1014 287 1057 splendida
303 1014 390 1047 facta
405 1014 525 1046 linunt.
575 1014 665 1046 idem
683 1025 738 1045 rex
752 1014 819 1053 ille,
840 1025 963 1056 poema

68 1058 75 1063 ¹
107 1066 165 1110 qui
182 1071 251 1099 tam
268 1066 445 1099 ridiculum
460 1072 530 1098 tam
547 1077 622 1098 care
638 1066 799 1108 prodigus
816 1067 908 1106 emit,

107 1120 220 1152 edicto
235 1119 340 1152 vetuit
356 1119 474 1161 nequis
490 1129 525 1150 se
542 1123 672 1161 praeter
689 1118 836 1160 Apellen

106 1172 270 1215 pingeret,
290 1176 348 1204 aut
364 1171 448 1203 alius
464 1171 615 1213 Lysippo
631 1170 767 1202 duceret
784 1181 862 1202 aera

103 1225 199 1258 sortis
215 1225 402 1257 Alexandri
419 1224 547 1256 voltum
565 1224 768 1255 simulantia.
815 1224 935 1266 quodsi

104 1278 266 1312 iudicium
283 1278 404 1310 subtile
422 1276 576 1308 videndis
591 1276 718 1308 artibus
736 1276 819 1308 illud

102 1332 146 1364 ad
163 1332 268 1364 libros
285 1335 318 1363 et
333 1330 376 1362 ad
393 1329 476 1362 haec
494 1329 667 1361 Musarum
684 1330 775 1361 dona
791 1341 937 1371 vocares,

101 1386 270 1419 Boeotum
287 1385 321 1416 in
338 1394 450 1417 crasso
466 1383 589 1415 iurares
607 1393 682 1415 aere
698 1388 825 1415 natum.

99 1443 134 1471 at
151 1449 261 1482 neque
276 1437 481 1470 dedecorant
499 1441 554 1468 tua
569 1436 612 1468 de
629 1446 662 1468 se
681 1435 803 1468 iudicia
820 1441 920 1479 atque

98 1503 248 1531 munera,
269 1501 354 1534 quae
373 1489 477 1522 multa
493 1489 603 1521 dantis
620 1500 696 1521 cum
713 1489 812 1521 laude
829 1490 985 1531 tulerunt,

98 1545 211 1578 dilecti
227 1544 289 1577 tibi
307 1542 474 1585 Vergilius
489 1542 677 1584 Variusque
693 1547 813 1584 poetae
826 1553 835 1581 ;

98 1609 160 1632 nec
177 1598 285 1640 magis
301 1595 449 1639 expressi
468 1595 577 1627 voltus
594 1605 652 1637 per
669 1605 773 1626 aenea
790 1595 886 1637 signa

96 1662 199 1695 quam
216 1660 276 1694 per
293 1649 378 1682 vatis
394 1658 478 1690 opus
496 1658 605 1680 mores
622 1647 792 1689 animique
809 1648 956 1680 virorum

96 1704 264 1738 clarorum
281 1706 457 1745 apparent.
501 1711 563 1732 nec
581 1711 751 1732 sermones
769 1710 832 1742 ego
849 1701 985 1734 mallem

96 1756 245 1801 repentis
260 1765 321 1798 per
336 1754 476 1786 humum
493 1763 595 1795 quam
613 1763 664 1785 res
680 1763 883 1795 componere
898 1760 1020 1796 gestas,

94 1815 326 1850 terrarumque
342 1806 423 1838 situs
439 1810 471 1838 et
489 1804 627 1837 flumina
643 1805 756 1837 dicere
771 1810 804 1838 et
821 1816 913 1838 arces

94 1861 266 1894 montibus
283 1858 457 1902 impositas
473 1862 506 1890 et
523 1857 666 1889 barbara
683 1868 794 1899 regna,
816 1858 948 1902 tuisque

94 1912 253 1957 auspiciis
270 1916 378 1944 totum
396 1909 548 1943 confecta
563 1909 675 1942 duella
691 1920 751 1952 per
765 1909 894 1949 orbem,

93 1967 305 2008 claustraque
321 1963 494 1997 custodem
511 1962 602 2005 pacis
618 1962 812 1994 cohibentia
830 1963 959 2003 Ianum,

1102 663 1152 688 230

1090 1190 1142 1214 240

1080 1719 1131 1743 250
