1458 2315
113 101 234 144 xxm]
358 98 636 136 CARMJNUM
660 102 806 132 LIBER
834 102 901 133 Ill.
1119 113 1138 141 9
1140 110 1158 141 5

115 249 229 282 XXV.
348 248 418 281 UO
435 259 501 288 me,
523 248 668 288 Bacche,
690 248 780 291 rapis
796 249 845 281 tui

265 329 337 353 A
369 301 534 345 plenum?
558 312 645 344 quae
669 312 808 334 nemora
831 306 889 335 aut
912 312 998 346 quos
1018 312 1101 345 agor
1125 302 1160 334 in

428 365 548 397 specus

293 407 394 440 velox
410 412 524 440 mente
541 408 655 439 nova?
701 408 823 451 quibus

248 461 352 493 antris
368 461 495 503 egregii
508 460 663 493 Caesaris
680 462 797 494 audiar

293 569 468 598 aeternum
484 565 652 598 meditans
669 564 772 598 decus
814 565 816 567 ’

249 618 357 651 stellis
373 618 519 651 inserere
536 623 569 651 et
586 618 730 651 consilio
749 618 865 651 Iovis?

293 670 406 703 dicam
422 671 554 713 insigne
572 682 688 704 recens
705 671 817 704 adhuc

249 724 414 756 indictum
431 734 489 756 ore
506 723 584 756 alio.
635 734 705 756 non
722 734 817 756 secus
834 723 869 756 in
885 723 972 767 iugis

293 825 464 858 exsomnis
480 828 593 868 stupet
611 823 750 864 Euhias,

248 879 407 911 Hebrum
423 878 633 921 prospiciens
651 882 684 911 et
696 878 775 911 nive
792 878 975 912 candidam
1130 895 1162 912 10

293 931 451 964 Thracen
465 942 504 964 ac
520 932 608 975 pede
623 931 770 964 barbaro

246 983 427 1017 lustratam
445 985 647 1028 Rhodopen,
669 989 705 1017 ut
721 984 807 1017 mihi
822 984 924 1017 devio

251 1087 343 1130 ripas
359 1091 392 1120 et
409 1098 553 1120 vacuum
569 1098 689 1119 nemus

294 1140 409 1172 mirari
426 1140 519 1172 libet.
571 1150 592 1172 o
608 1140 785 1172 Naiadum
802 1144 923 1183 potens

251 1192 529 1235 Baccharumque
545 1192 731 1225 valentium

294 1255 451 1288 proceras
468 1245 624 1277 manibus
642 1250 770 1278 vertere
787 1245 945 1286 fraxinos,

295 1347 344 1380 nil
361 1358 503 1391 parvum
520 1351 576 1380 aut
593 1347 712 1380 humili
730 1347 845 1380 modo.

252 1401 301 1434 nil
317 1401 459 1434 mortale
476 1400 604 1444 loquar.
653 1401 750 1434 dulce
768 1400 955 1444 periculum
973 1404 1035 1443 est,

297 1464 318 1486 o
335 1454 480 1492 Lenaee,
501 1453 597 1496 sequi
614 1453 715 1486 deum

253 1507 445 1550 cingentem
463 1506 562 1539 viridi
581 1511 734 1549 tempora
751 1506 925 1550 pampino.
1131 1523 1164 1540 20

122 1755 257 1790 XXVI.
391 1753 463 1787 IXI
482 1753 604 1796 puellis
620 1762 728 1795 nuper
743 1751 886 1785 idoneus

411 1813 445 1841 et
461 1806 604 1839 militavi
621 1817 689 1839 non
703 1806 774 1839 sine
790 1805 898 1849 gloria
914 1817 922 1838 z

343 1871 433 1895 nunc
450 1871 543 1893 arma
559 1859 821 1903 defunctumque
838 1859 930 1893 bello

386 1912 546 1946 barbiton
562 1911 616 1945 hie
633 1911 743 1954 paries
760 1910 911 1951 habebit,
