1458 2315
98 157 169 200 111.]
339 157 398 189 SA
408 158 439 188 T
436 157 520 188 IRA
524 157 557 187 R
563 157 639 188 UM
660 156 804 186 LIBER
831 156 878 187 II.
1071 166 1128 187 201

95 234 240 267 alterum
255 237 289 266 et
304 232 384 266 huic
401 243 517 265 varum
533 236 567 264 et
582 231 690 264 nihilo
707 231 890 275 sapientius
905 231 993 274 ignis

96 298 158 330 per
172 286 304 319 medios
319 285 506 328 fluviosque
522 285 658 317 ruentis.
709 285 831 317 clamet
847 284 967 325 amica,

97 344 217 379 mater,
236 339 380 371 honesta
396 348 490 370 soror
505 348 583 370 cum
599 338 761 380 cognatis,
782 343 890 380 pater,
905 348 990 370 uxor
1006 349 1015 370 ι

102 392 111 408 ‘
123 391 179 424 hic
195 391 285 424 fossa
300 396 349 423 est
367 391 495 432 ingens,
518 389 574 422 hic
590 400 690 432 rupes
705 390 852 422 maxima
866 401 875 429 3
900 401 994 423 serva
1012 392 1019 422 !
1033 389 1040 403 ’

96 455 166 477 non
182 444 290 487 magis
307 443 450 476 audierit
467 454 570 486 quam
588 443 704 475 Fufius
719 443 830 475 ebrius
847 443 940 482 olim,
1098 451 1132 476 60

97 508 175 529 cum
192 497 339 529 Ilionam
355 496 512 534 edormit,
533 495 685 528 Catienis
700 496 794 528 mille
810 496 963 529 ducentis

101 551 110 566 ‘
121 555 239 589 mater,
259 554 293 582 te
309 548 448 592 appello
462 547 470 562 ’
488 548 722 581 clamantibus.
773 548 852 581 huic
869 559 932 591 ego
950 549 1068 592 volgus

96 603 199 635 errori
217 602 362 634 similem
378 605 536 634 cunctum
555 601 700 633 insanire
717 601 859 634 docebo.
1079 595 1083 601 ⁸

96 654 220 687 insanit
239 659 365 686 veteres
381 658 508 686 statuas
525 653 755 696 Damasippus
771 654 916 686 emendo
931 666 938 686 :

95 706 225 750 integer
240 711 290 739 est
306 706 428 739 mentis
445 706 646 748 Damasippi
664 706 836 738 creditor?
860 711 931 738 esto
947 718 955 738 ε

100 760 109 775 ‘
122 759 239 802 accipe
255 759 346 802 quod
362 769 549 801 numquam
566 758 687 790 reddas
704 757 814 797 mihi‚’
831 759 858 790 si
877 759 938 790 tibi
956 758 1077 797 dicam,

95 815 177 843 tune
193 811 329 844 insanus
345 811 410 843 eris
426 810 454 842 si
471 810 651 852 acceperis,
671 821 714 842 an
731 811 839 852 magis
856 821 971 842 excors

95 864 218 896 reiecta
233 863 360 906 praeda
375 873 478 906 quam
494 873 652 906 praesens
670 863 857 895 Mercurius
873 863 935 895 fert
949 864 963 894 ?

95 916 203 949 scribe
219 916 337 948 decem
353 926 374 948 a
390 915 498 948 Nerio
514 927 521 948 :
546 925 613 948 non
631 920 680 948 est
697 915 777 947 satis
793 928 800 947 :
824 916 912 948 adde
930 915 1070 948 Cicutae

95 968 217 1000 nodosi
233 967 367 1000 tabulas
383 972 530 1007 centum,
550 967 645 1000 mille
661 968 749 1000 adde
765 973 900 1000 catenas
917 980 926 1000 z
1093 983 1126 1007 70

94 1020 231 1063 effugiet
246 1026 359 1053 tamen
375 1020 459 1053 haec
476 1020 658 1052 sceleratus
674 1020 809 1053 vincula
827 1021 978 1053 Proteus.

94 1074 173 1105 cum
187 1072 298 1115 rapies
314 1072 350 1104 in
366 1072 416 1104 ius
433 1072 531 1105 malis
549 1073 715 1105 ridentem
732 1073 861 1112 alienis,

95 1124 152 1157 fiet
167 1136 258 1168 aper,
278 1125 382 1157 modo
398 1125 479 1164 avis,
499 1126 603 1157 modo
619 1136 735 1157 saxum
753 1131 784 1158 et
802 1137 877 1158 cuin
894 1126 985 1158 volet
1001 1125 1109 1158 arbor.

95 1177 122 1210 si
140 1178 228 1209 male
245 1187 314 1209 rem
331 1187 446 1219 gerere
462 1177 570 1209 insani
588 1184 647 1216 est,
668 1183 784 1210 contra
797 1178 894 1216 bene,
915 1178 986 1210 sani
1004 1189 1012 1216 ;

94 1229 244 1272 putidius
261 1229 369 1261 multo
385 1229 560 1261 cerebrum
577 1235 636 1269 est,
659 1230 740 1261 mihi
759 1230 867 1268 crede,
892 1230 1012 1263 Perclli

93 1282 252 1315 dictantis
267 1282 358 1324 quod
373 1287 409 1314 tu
426 1293 610 1324 numquam
628 1283 807 1315 rescribere
824 1283 940 1325 possis.

93 1335 210 1367 audire
226 1340 327 1377 atque
345 1339 459 1376 togam
475 1334 576 1366 iubeo
593 1345 807 1377 componere,
828 1335 979 1377 quisquis

93 1386 279 1419 ambitione
295 1386 385 1418 mala
401 1391 457 1418 aut
475 1387 603 1429 argenti
621 1387 722 1429 pallet
740 1398 865 1427 amore,

93 1439 245 1482 quisquis
261 1438 391 1471 luxuria
409 1439 536 1471 tristive
553 1439 791 1482 superstitione

92 1497 150 1524 aut
166 1491 234 1523 alio
249 1491 371 1524 mentis
388 1491 507 1523 morbo
523 1491 610 1523 calet
629 1503 635 1523 z
660 1491 724 1523 huc
742 1492 880 1534 propius
898 1503 960 1532 me,
1090 1500 1122 1523 8ο

92 1544 173 1576 dum
187 1544 295 1576 doceo
313 1544 457 1576 insanire
473 1544 593 1583 omnis,
614 1555 674 1576 vos
690 1545 808 1576 ordine
824 1545 925 1577 adite.

93 1596 205 1628 (landa
222 1602 270 1629 est
287 1596 427 1628 ellebori
446 1596 553 1628 multo
570 1607 646 1639 pars
664 1597 809 1628 maxima
826 1597 934 1629 avaris
951 1610 958 1630 ε

93 1649 206 1681 nescio
222 1659 264 1681 an
281 1649 479 1690 Anticyram
497 1649 582 1681 ratio
600 1649 664 1680 illis
680 1650 825 1682 destinet
842 1661 989 1682 omnem.

93 1700 232 1734 heredes
251 1701 384 1733 Staberi
401 1712 568 1733 summam
587 1701 734 1734 incidere
751 1702 916 1745 sepulcro,

92 1753 126 1785 ni
144 1753 191 1786 sic
207 1753 372 1793 fecissent,
393 1753 618 1795 gladiatorum
638 1755 717 1786 darc
733 1761 869 1787 centum

92 1805 241 1838 damnati
259 1806 386 1849 populo
403 1806 496 1849 paria
512 1812 614 1849 atque
630 1807 766 1850 epulum
785 1808 923 1840 arbitrio
941 1809 1029 1848 Arri,

92 1857 247 1891 frumenti
264 1865 426 1902 quantum
445 1859 541 1891 metit
560 1859 685 1893 Africa.
741 1861 749 1876 ‘
765 1861 834 1892 sive
851 1872 914 1903 ego
932 1873 1033 1904 prave

92 1919 150 1944 seu
166 1916 254 1944 recte
271 1911 336 1944 hoc
353 1911 454 1950 volui,
475 1922 517 1944 ne
533 1911 578 1944 sis
594 1919 730 1955 patruus
747 1913 828 1945 mihi
845 1913 871 1946 :'
889 1914 990 1946 credo

20 1988 23 1995 .
43 2008 45 2015 Ι
92 1961 157 1996 hoc
174 1963 305 1997 Staberi
323 1964 523 2007 prudentem
539 1964 691 1997 animum
708 1965 841 1999 vidisse.
895 1967 996 2009 ‘quid
1012 1978 1091 2010 crgo

357 2028 399 2064 14
