1410 2283
527 123 563 163 Q.
597 122 728 155 Hom
737 123 788 156 r!
809 123 985 158 nac-c!

368 203 486 239 vester,
507 198 689 239 Camenae,
709 202 820 233 vester
835 198 871 233 in
884 199 1011 234 arduos

365 251 466 284 tollor
483 251 641 292 Sabinos,
660 262 719 285 seu
735 252 818 286 mihi
835 252 994 297 frigidum

413 305 605 345 Praeneste,
625 315 683 338 seu
699 305 809 338 Tibur
824 305 995 349 supinum,

454 367 513 390 seu
530 356 680 400 liquidae
697 358 854 402 placuere
872 358 986 393 Baiae.

367 459 485 493 vestris
500 459 647 493 amicum
665 459 815 494 sontibus
831 465 864 494 et
880 460 991 495 choris

367 522 436 545 non
453 523 508 545 me
526 512 693 556 Philippis
709 523 804 546 versa
819 513 909 547 acies
925 519 1024 553 retro,

413 565 537 598 devota
554 575 622 598 non
639 566 799 599 exstinxit
815 565 927 606 arbos.

456 628 518 650 nce
537 618 651 652 Sicula
669 617 845 652 Palinurus
860 618 963 653 unda.

370 726 553 764 utcumque
568 731 700 754 mecum
716 731 777 753 vos
793 721 897 761 eritis,
916 721 1028 756 libens

370 772 590 805 insanientem
608 773 722 806 navita
741 773 928 817 Bosporum

414 825 589 868 temptabo
605 830 638 858 et
655 825 781 859 urentis
797 826 940 859 harenas

458 878 565 910 litoris
582 878 712 920 Assyrii
731 878 839 911 viator
853 889 864 918 ς

367 980 474 1013 visam
491 980 671 1014 Britannos
686 980 877 1025 hospitibus
894 980 981 1015 seros

368 1037 402 1066 ct
419 1032 544 1065 lactum
559 1033 685 1076 equino
700 1033 863 1076 sanguine
879 1035 1091 1075 Concanum,

413 1084 519 1117 visam
537 1084 748 1127 pharetratos
764 1086 917 1120 Gelonos

456 1142 491 1170 et
508 1137 703 1180 Scythicum
720 1137 902 1171 inviolatas
916 1148 1064 1172 amnem.

369 1249 429 1272 vos
446 1239 626 1273 Caesarem
644 1239 761 1279 altum,
781 1239 903 1273 militia
919 1240 1020 1275 simul

371 1291 473 1325 fessas
489 1292 645 1325 cohortes
659 1292 792 1326 abdidit
808 1292 956 1336 oppidis,

416 1344 512 1378 finire
527 1350 746 1388 quaerentem
762 1344 897 1379 laborm

464 1397 576 1430 Pierio
592 1398 749 1430 recreatis
764 1403 871 1431 antro.

373 1510 432 1533 vos
447 1499 523 1534 lene
538 1500 716 1534 consilium
732 1504 766 1533 et
781 1500 870 1535 datis
885 1505 919 1535 et
933 1500 1017 1535 dato

370 1552 525 1596 gaudetis
539 1552 659 1586 almae.
708 1553 833 1587 scimus
846 1558 884 1586 ut
898 1552 1023 1597 impios

419 1605 561 1638 Titana
574 1605 824 1649 immanemque
841 1610 987 1639 turmam

462 1657 602 1691 fulmine
619 1657 789 1691 sustulerit
806 1658 946 1698 caduco,

373 1759 431 1802 qui
448 1764 569 1792 terram
589 1759 740 1800 inertem,
760 1760 819 1804 qui
834 1771 929 1794 mare
943 1763 1109 1804 temperat

374 1817 561 1852 ventosum,
580 1818 615 1846 et
630 1813 729 1846 ιιι-δας
744 1823 916 1857 regnaque
931 1813 1040 1847 tristia

418 1864 581 1908 divosque
596 1865 814 1909 mortalisque
829 1866 946 1899 turbas

463 1916 606 1959 imperio
622 1917 706 1960 regit
723 1928 810 1951 unus
823 1928 944 1962 aequo.
