1458 2315
54 155 215 198 xxxva]
326 157 604 188 CARMINUM
625 158 770 188 LIBER
797 159 824 188 l.
1059 170 1100 199 37

277 243 396 266 omnes
412 233 448 265 in
465 233 628 266 Damalin
644 233 752 276 putris

232 286 406 328 deponent
423 286 550 326 oculos,
569 297 633 319 nec
650 286 807 320 Damalis
823 297 914 320 novo

277 339 458 372 divelletur
473 339 628 372 adultero

232 392 367 426 lascivis
383 392 517 426 hederis
533 392 754 427 ambitiosior.
1063 409 1097 426 20

55 658 251 692 XXXVII.
376 657 480 691 UNC
499 662 548 690 est
564 657 762 699 bibendum,
783 668 875 691 nunc
887 658 974 702 pede
989 658 1098 691 libero

395 711 564 754 pulsanda
580 711 690 751 tellus,
710 722 800 744 nunc
818 711 1003 745 Saliaribus

321 774 442 797 ornare
458 763 616 807 pulvinar
632 764 773 796 deorum

365 822 501 860 tempus
518 822 588 850 erat
605 817 761 860 dapibus,
782 817 925 850 sodales.

278 947 422 981 antehac
438 948 532 981 nefas
549 948 749 991 depromere
767 948 963 981 Caecubum

279 1001 375 1035 cellis
391 1001 502 1042 avitis,
523 1001 604 1033 dum
622 1001 796 1044 Capitolio

321 1055 440 1098 regina
456 1055 623 1088 dementis
639 1055 754 1087 ruinas

365 1108 464 1141 sunus
480 1112 513 1141 et
530 1108 673 1151 imperio
690 1108 843 1151 parabat,

280 1237 512 1270 contaminato
528 1248 605 1270 cum
622 1248 723 1279 grege
740 1238 887 1280 turpium

280 1291 402 1323 morbo
418 1290 578 1329 virorum,
599 1290 765 1332 quidlibet
783 1290 940 1333 inpotens
1067 1308 1100 1324 10

325 1353 461 1386 sperare
477 1342 679 1385 fortunaque
695 1342 786 1374 dulei

371 1395 465 1428 ebria
482 1408 490 1428 :
516 1395 575 1428 sed
592 1395 713 1427 minuit
731 1396 876 1428 sui-orem

281 1524 339 1557 vix
354 1534 422 1557 una
438 1534 554 1566 sospes
570 1523 665 1555 navis
682 1523 725 1555 ab
743 1524 886 1565 ignibuS,

282 1584 500 1620 mentemque
517 1576 728 1619 lymphatam
747 1576 936 1610 Mareotico

328 1630 459 1673 redegit
477 1630 512 1662 in
530 1640 626 1662 veros
640 1629 777 1661 timores

373 1683 511 1722 Caesar,
532 1683 575 1715 ab
594 1682 693 1715 Italia
709 1682 880 1714 volantem

285 1811 388 1844 remis
403 1811 604 1854 adul-gneus,
625 1811 784 1853 accipiter
800 1811 892 1844 velut

284 1864 397 1897 mollis
414 1864 588 1896 columbas
606 1870 662 1896 aut
679 1864 829 1906 leporem
845 1865 930 1897 citus

328 1921 469 1949 venator
486 1917 519 1949 in
537 1917 664 1960 campis
682 1917 803 1948 nivalis

375 1970 600 2010 Haemoniae,
622 1971 716 2004 daret
734 1975 769 2003 ut
787 1970 915 2004 catenis
1074 1987 1108 2004 20
