1410 2283
253 110 314 141 288
545 109 583 148 Q.
613 107 745 139 HORA
754 106 805 138 1-1
827 105 1000 140 buce!

256 185 442 230 Pompilius
458 185 603 228 sanguis,
622 195 759 219 carmen
774 184 964 228 reprendite
974 182 1067 228 quod
1081 192 1154 222 non

255 239 361 271 multa
377 239 448 271 dies
465 243 498 270 et
515 238 620 270 multa
636 237 734 270 litura
749 237 896 271 coercuit
911 241 1014 280 atque

256 297 464 334 praesectum
481 291 617 323 deciens
633 300 702 322 non
718 289 894 332 castigavit
909 289 954 322 ad
969 298 1128 334 unguem·

256 344 427 386 ingenium
444 343 564 375 misera
581 343 660 385 quia
676 341 877 375 fortunatius
891 346 963 374 arte

256 396 360 428 credit
378 402 410 428 et
428 395 575 428 excludit
593 405 692 427 sanos
711 394 878 427 Helicone
894 398 1012 437 poetas

257 449 482 487 Democritus,
503 448 591 480 bona
608 458 685 491 pars
701 458 770 479 non
785 447 906 489 unguis
921 456 1047 490 ponere
1061 451 1166 487 curat,

258 512 324 534 non
341 501 492 539 barbam,
513 507 639 533 secreta
656 501 739 543 petit
757 500 842 539 loca,
861 499 984 532 balnea
998 499 1092 533 vitat.

258 554 466 586 nanciscetur
482 553 571 586 enim
588 554 731 596 pretium
747 563 939 595 nomenque
954 557 1087 595 poetae,

258 608 285 639 si
302 608 406 639 tribus
423 607 594 649 Anticyris
610 612 709 649 eaput
727 605 913 639 insanabile
929 615 1113 648 numquam
1239 618 1292 645 300

259 659 384 691 tonsori
404 659 521 691 Licino
537 658 752 691 commiserit.
801 668 823 690 o
838 667 902 700 ego
918 657 1044 697 laevus,

259 712 317 754 qui
335 722 458 754 purgor
474 711 577 743 bilem
595 711 657 743 sub
674 710 765 743 verni
782 709 944 752 temporis
959 709 1079 742 horam
1094 709 1104 743 l

259 775 328 796 non
344 764 428 796 alius
446 763 566 796 faceret
585 763 722 795 meliora
738 768 919 805 poemata:
943 772 1059 794 verum

261 816 308 848 nil
327 816 409 848 tanti
427 821 487 848 est.
536 826 617 857 ergo
634 815 750 857 fungar
767 814 840 847 vice
855 813 952 853 cotis,
971 818 1107 846 acutum

262 868 401 901 reddere
417 878 502 911 quae
520 867 641 900 serrum
658 867 758 905 valet,
779 877 894 899 exsors
910 866 983 908 ipsa
998 865 1157 906 secandi;

261 931 381 953 munus
397 926 430 953 et
447 920 593 952 officium
609 919 657 951 nil
673 919 822 951 scribens
838 919 910 961 ipse
925 918 1068 958 docebo,

262 973 351 1005 unde
368 979 525 1016 parentur
540 983 632 1015 opes,
652 972 732 1014 quid
751 971 818 1004 alat
836 971 1023 1013 formetque
1038 973 1186 1014 poetam,

262 1025 343 1068 quid
361 1026 488 1064 deceat,
509 1025 589 1067 quid
607 1034 685 1063 non,
705 1034 773 1066 quo
789 1023 904 1062 virtus,
922 1033 991 1065 quo
1007 1021 1092 1055 serat
1106 1032 1208 1057 error.

263 1078 430 1110 scribendi
447 1082 536 1110 recte
553 1087 670 1119 sapere
686 1082 736 1109 est
752 1080 786 1109 et
803 1075 1005 1119 principium
1020 1078 1054 1108 et
1069 1073 1157 1109 sons.

263 1141 332 1162 rem
350 1130 410 1162 tibi
430 1130 620 1163 Socraticae
637 1133 792 1172 poterunt
808 1127 985 1161 ostendere
1000 1127 1149 1169 chartae,
1243 1141 1296 1168 3²0

263 1183 431 1225 verbaque
446 1183 614 1226 provisam
631 1192 700 1214 rem
716 1191 785 1213 non
802 1180 908 1213 invita
922 1183 1113 1223 sequentur.

264 1236 321 1278 qui
337 1235 455 1267 didicit
471 1235 599 1278 patriae
615 1233 695 1276 quid
711 1233 834 1266 debeat
850 1237 884 1265 et
898 1232 982 1275 quid
997 1231 1126 1271 amieis,

264 1299 332 1331 quo
348 1288 390 1320 sit
406 1299 520 1320 amore
536 1297 666 1330 parens,
686 1297 754 1329 quo
770 1285 871 1318 frater
885 1284 1051 1318 amandus
1065 1289 1099 1318 et
1113 1283 1247 1327 hospes,

264 1341 356 1384 quod
373 1341 414 1373 sit
431 1339 623 1383 conscripti,
643 1339 734 1381 quod
752 1337 871 1370 iudicis
887 1336 1045 1376 officium,
1064 1346 1152 1380 quae

265 1398 376 1436 partes
392 1393 426 1425 in
442 1392 569 1425 bellum
586 1391 676 1424 missi
693 1390 798 1429 ducis,
818 1389 876 1422 ille
892 1388 1046 1432 profecto

265 1445 404 1477 reddere
421 1455 583 1488 personae
601 1444 661 1476 scit
679 1441 913 1475 convenientia
929 1441 1060 1484 cuique.

265 1498 428 1540 respicere
445 1497 616 1540 exemplar
631 1496 718 1528 vitae
735 1504 934 1537 morumque
950 1493 1076 1526 iubebo

264 1550 401 1582 doctum
418 1550 619 1582 imitatorem
637 1554 669 1580 et
686 1547 779 1579 vivas
795 1547 875 1579 hinc
890 1546 1012 1580 ducere
1026 1555 1135 1580 voces.

264 1602 434 1634 interdum
451 1602 602 1645 speciosa
619 1600 700 1632 locis
717 1604 913 1642 morataque
929 1603 1020 1631 recte

263 1654 376 1686 sabula
394 1655 516 1686 nullius
534 1653 671 1691 veneris,
693 1651 765 1684 sine
781 1651 931 1694 pondere
945 1655 979 1684 et
994 1653 1077 1690 arte,
1244 1663 1298 1690 320

263 1707 394 1739 valdius
410 1707 557 1739 oblectat
574 1705 737 1749 populum
754 1704 941 1747 meliusque
955 1708 1106 1736 moratur

260 1769 362 1802 quarn
379 1770 492 1792 versus
510 1759 628 1802 inopes
644 1768 754 1791 rerum
770 1766 950 1800 nugaeque
966 1764 1119 1788 canorae.

260 1812 359 1844 Grais
376 1812 559 1854 ingenium,
582 1811 681 1844 Grais
698 1810 792 1843 dedit
808 1820 867 1842 ore
882 1808 1027 1842 rotundo

259 1863 360 1895 Musa
375 1863 478 1906 loqui,
499 1869 632 1906 praeter
648 1863 784 1896 laudem
800 1861 925 1894 nullius
940 1859 1062 1894 avaris.

259 1915 405 1948 Romani
424 1917 519 1958 pueri
535 1916 644 1960 longis
662 1915 848 1949 rationibus
863 1923 971 1948 assem
