1458 2315
71 153 113 195 1.]
299 153 660 187 EPISTULARUM
683 155 826 185 LIBER
852 156 880 186 l.
1047 167 1105 197 231

74 229 84 246 ‘
96 240 118 262 o
133 228 234 269 cives,
253 227 353 269 cives,
372 227 565 272 quaerenda
579 229 723 272 pecunia
738 229 884 272 primum
900 235 950 264 est
962 242 974 272 3

71 282 177 315 virtus
192 286 270 325 post
285 291 443 314 nummos
461 292 468 313 :
482 280 490 295 '
514 281 598 314 haee
617 281 720 314 Ianus
735 293 886 316 summus
902 284 946 316 ab
962 284 1032 318 imo

70 335 244 380 prodocet,
258 334 342 367 haec
359 334 511 366 recinunt
527 334 664 367 iuvenes
679 334 805 368 dictata
821 347 984 380 senesque

70 389 168 422 laevo
182 387 335 430 suspensi
350 386 479 419 loculos
495 386 713 429 tabulamque
729 387 865 421 lacerto.

69 446 120 475 est
135 441 267 473 animus
283 439 356 479 tibi,
376 444 452 472 sunt
468 449 589 478 moreS‚
609 445 659 472 est
675 439 790 481 lingua
807 440 956 485 fidesque
972 455 983 483 ;

69 494 128 527 sed
145 492 398 536 quadringentis
414 502 472 524 sex
487 497 618 535 septem
634 492 729 524 milia
744 493 865 526 desunt
883 507 891 527 ε

68 546 166 590 plebs
182 545 256 578 eris.
307 550 341 577 at
356 544 451 587 pueri
468 544 622 578 ludentes
643 546 652 561 ‘
663 556 720 577 rex
737 546 802 578 eris
817 545 824 559 ’
841 547 945 588 aiunt,

73 600 121 632 ‘si
138 603 227 632 recte
243 596 370 631 facies)
418 597 476 629 hic
493 607 608 630 murus
624 608 748 630 aeneus
765 604 847 639 esto,
1071 608 1106 633 60

67 651 117 684 nil
133 651 282 684 conscire
298 650 374 690 sibi,
397 649 493 682 nulla
510 649 691 692 pallescere
707 650 816 693 culpa.

69 704 204 745 Roscia,
223 703 280 736 dic
295 703 404 742 sodes,
425 701 547 734 melior
564 702 617 734 lex
632 713 675 734 an
694 713 873 745 puerorum
889 709 939 737 est

66 757 178 797 nenia,
197 766 284 799 quae
299 765 439 798 regnum
455 760 543 787 recte
560 754 759 787 facientibus
776 756 883 796 offert,

66 814 101 843 et
116 809 264 842 maribus
281 808 392 842 Curiis
407 812 441 840 et
456 808 636 840 decantata
653 807 836 841 Camillis?

66 862 139 895 isne
154 862 216 894 tibi
232 860 351 894 melius
367 860 485 894 suadet
500 860 570 903 qui,
592 870 663 892 rem
680 860 794 900 facias,
814 872 898 901 rem,

66 915 94 947 si
109 914 227 958 possis,
246 919 346 954 recte,
365 913 394 946 si
410 923 489 952 non,
509 923 722 956 quocumque
739 914 842 946 modo
859 925 941 955 rem,

65 970 103 1000 ut
117 967 255 1011 propius
272 970 402 1010 spectes
418 965 595 999 lacrimosa
612 971 770 1008 poemata
789 967 875 1010 Pupi
888 977 900 1006 3

65 1030 110 1052 an
124 1019 184 1062 qui
200 1019 370 1052 Fortunae
387 1023 419 1051 te
434 1029 631 1061 responsare
648 1019 812 1060 superbae

65 1072 210 1105 liberum
226 1077 259 1104 et
274 1075 422 1104 erectum
438 1081 595 1114 praesens
610 1070 763 1103 hortatur
778 1077 811 1104 et
828 1072 948 1115 aptat?

66 1123 187 1168 quodsi
203 1135 257 1157 me
273 1123 419 1167 populus
435 1123 608 1156 Romanus
625 1123 708 1156 sorte
726 1129 832 1166 roget,
849 1134 907 1157 cur
1067 1139 1103 1166 70

66 1188 135 1211 non
151 1182 187 1210 ut
203 1175 388 1220 porticibus
404 1175 452 1208 sic
468 1175 602 1208 iudiciis
619 1175 705 1207 fruar
723 1176 839 1215 isdem,

65 1240 128 1269 nec
144 1240 265 1274 sequar
279 1235 337 1263 aut
354 1229 479 1273 fugiam
496 1240 582 1273 quae
598 1229 707 1272 diligit
723 1230 792 1272 ipse
811 1229 863 1262 vel
880 1228 964 1269 odit,

66 1283 149 1316 olim
165 1283 256 1327 quod
274 1282 391 1326 volpes
407 1288 546 1326 aegroto
563 1287 660 1315 cauta
676 1283 766 1315 leoni

67 1336 240 1379 respondit
257 1335 397 1370 referam
415 1347 423 1369 z
450 1337 459 1352 ‘
471 1336 551 1378 quia
567 1346 622 1369 me
634 1336 775 1378 vestigia
791 1339 926 1375 terrent,

66 1389 182 1422 omnia
197 1393 231 1422 te
245 1388 423 1422 adversum
438 1388 633 1431 spectantia,
654 1388 746 1420 nulla
762 1387 968 1422 retrorsum!

66 1441 167 1475 belua
193 1441 375 1475 multorum
402 1451 438 1474 es
464 1441 624 1484 capitum.
683 1451 762 1473 nam
787 1441 868 1484 quid
895 1452 1016 1485 sequar
1042 1445 1100 1476 aut

199 1505 301 1538 quem
311 1495 327 1528 ?

66 1555 145 1588 pars
160 1546 337 1580 hominum
354 1547 454 1590 gestit
474 1547 661 1580 conducere
675 1545 812 1589 publica
827 1556 837 1585 3
861 1550 937 1579 sunt
953 1547 1012 1589 qui

67 1599 186 1632 crustis
202 1605 235 1633 et
252 1600 362 1643 pomis
379 1600 498 1632 viduas
515 1605 678 1632 venentur
693 1609 820 1638 avan-115,

68 1652 304 1696 excipiantque
319 1663 416 1685 senes
431 1662 516 1695 quos
533 1652 565 1684 in
584 1652 710 1684 vivaria
727 1652 860 1683 mittant
874 1662 883 1689 ;

66 1703 182 1738 multis
197 1705 330 1738 occulto
345 1705 462 1738 crescit
476 1715 527 1737 res
544 1704 668 1737 fenore.
718 1714 835 1736 verum
1067 1711 1101 1738 80

67 1760 141 1789 esto
157 1757 232 1790 aliis
249 1758 334 1790 alios
350 1758 449 1790 rebus
465 1757 649 1799 studiisque
667 1755 772 1789 teneri
789 1768 797 1788 :

68 1808 159 1843 idem
176 1810 295 1843 eadem
312 1815 451 1853 possunt
467 1809 584 1842 horam
602 1809 721 1841 durare
738 1807 946 1851 probantes?

72 1861 203 1896 ‘nullus
220 1862 254 1895 in
271 1863 352 1896 orbe
368 1863 460 1895 sinus
478 1861 555 1894 Bais
573 1861 742 1904 praelucet
759 1861 910 1893 amoenis
921 1860 929 1873 ’

67 1914 95 1947 si
111 1915 197 1948 dixit
213 1915 317 1954 dives,
338 1914 430 1948 lacus
445 1919 477 1947 et
495 1924 586 1946 mare
603 1914 701 1946 sentit
717 1924 866 1946 amorem

68 1967 257 2002 festinantis
272 1968 341 2001 eri:
364 1967 418 2001 cui
435 1967 461 2000 si
480 1967 599 1999 vitiosa
617 1966 723 2000 libido

18 2166 34 2205 A!

5 2212 98 2315 B..
