1410 2283
273 159 330 181 ιω
372 150 409 189 Q.
428 148 559 180 ΗΘΚΛ
570 146 618 177 TI
629 143 801 176 FLACC!
813 141 958 176 CARM.
975 141 1063 176 ΠΒ.
1079 141 1146 174 111.
1182 138 1298 183 [xxxx.

362 224 488 257 addant
507 232 609 255 avaro
625 219 762 253 divitias
777 218 873 252 mari.

364 283 435 310 tum
452 286 506 309 me
523 274 660 307 biremis
676 271 845 316 praesidio
860 269 1007 314 smphne

407 332 515 361 tutum
533 336 593 369 per
609 325 766 367 Aegaeos
782 322 945 356 tumultus

452 389 533 412 aura
549 378 630 412 seret
647 376 868 420 geminusque
885 373 1020 409 Pollux.

277 644 390 677 XXX.
534 642 655 676 XEGI
674 644 930 674 monumentum
948 648 1024 672 uere
1039 637 1219 682 perennius

556 693 727 737 regalique
743 693 808 726 situ
825 691 1036 735 pyramidum
1053 690 1153 723 altius
1167 700 1177 729 ς

365 747 456 792 quod
472 758 542 780 non
559 747 666 779 imber
681 746 778 784 edax.
798 755 868 777 non
885 743 1013 787 Aquilo
1029 743 1198 787 impotens

366 801 471 844 possit
487 799 620 832 diruere
637 803 694 831 aut
711 796 967 830 innumerabilis

365 864 532 886 annorum
548 851 650 884 series
664 855 697 883 et
715 850 793 892 suga
809 853 1011 892 temporum.

365 915 435 938 non
450 905 561 937 omnis
577 903 711 942 moriar,
732 901 904 944 multaque
921 911 998 944 pars
1013 899 1081 932 mei

368 958 487 991 vitabit
506 956 692 989 Libitinam
709 967 717 987 :
740 965 847 996 usque
864 963 928 995 ego
945 958 1079 996 postera

367 1020 510 1044 crescan-
533 1007 632 1040 laude
650 1016 776 1045 recens,
796 1005 878 1038 dum
894 1004 1104 1048 Capitolium

369 1062 507 1095 scandet
524 1070 600 1093 cum
618 1059 719 1091 tacita
735 1057 864 1100 virgine
879 1056 1042 1100 pontifex.

368 1114 470 1153 dicar,
490 1123 558 1156 qua
574 1111 704 1143 violens
719 1109 884 1152 obstrepit
901 1107 1047 1141 Aufidus
1281 1122 1314 1140 ιο

368 1172 401 1200 et
417 1177 484 1210 qua
497 1175 626 1208 pauper
642 1172 750 1206 aquae
767 1162 909 1194 Daunus
924 1160 1107 1205 agrestium

369 1218 521 1261 regnavit
538 1215 752 1259 populorum,
772 1225 814 1247 ex
829 1212 950 1246 humili
965 1217 1098 1256 potens,

370 1272 527 1315 princeps
544 1268 704 1301 Aeolium
721 1275 856 1300 carmen
873 1265 915 1298 ad
933 1265 1039 1299 Italos

370 1323 549 1356 deduxisse
565 1321 698 1353 modos,
744 1330 838 1352 sume
855 1318 1049 1362 superbiam

372 1375 558 1419 quaesitam
574 1374 712 1412 meritis,
733 1378 766 1406 et
783 1371 866 1404 mihi
883 1369 1055 1414 Delphica

375 1428 469 1461 lauro
484 1427 582 1470 cinge
597 1425 727 1466 volens,
747 1423 976 1468 Melpomene,
995 1431 1140 1456 comam.
