1410 2283
268 164 311 198 φ
562 155 598 194 ρ.
631 153 762 185 HORA
772 153 823 184 TI
845 151 1017 184 FLACCI
1177 150 1297 192 [xxm.

494 240 572 262 nam
588 240 675 273 quae
689 228 792 261 nivali
808 228 956 272 pascitur
972 226 1102 271 Algido

491 283 615 315 devota
631 292 772 324 quercus
783 281 871 314 inter
884 285 917 314 et
934 280 1028 313 ilices
1272 293 1305 311 ιο

539 341 595 367 aut
611 334 728 367 crescit
745 333 890 365 Albanis
905 333 940 365 in
955 331 1069 366 herbis

582 386 717 419 victima
733 384 928 428 pontificum
945 383 1070 418 securis

495 513 623 547 cervice
641 513 768 555 tinguet
788 524 796 545 :
828 518 860 545 te
876 511 961 545 nihil
977 511 1098 544 attinet

495 572 660 609 temptare
676 565 782 597 multa
797 565 900 598 caede
915 564 1106 598 bidentium

541 630 662 662 parvos
677 624 894 651 coronantem
910 617 1042 650 marino

587 682 659 704 rore
675 671 757 704 deos
773 670 948 713 fragilique
964 674 1083 713 myrto.

501 792 658 825 immunis
674 803 767 825 aram
783 792 810 824 si
827 792 936 835 tetigit
953 803 1083 832 manus,

499 857 566 878 non
583 851 776 888 sumptuosa
792 845 949 877 blandior
963 845 1073 877 hostia

546 897 688 929 mollivit
703 907 837 930 aversos
855 897 990 930 Penatis

589 949 674 982 san-e
691 950 748 992 pio
764 955 797 983 et
813 949 953 982 saliente
969 949 1067 982 mica.
1276 964 1310 982 πο

281 1229 415 1264 XXIV.
513 1229 725 1263 NTACTIS
744 1228 935 1273 opulentior

535 1282 696 1315 thesauris
712 1282 866 1314 Arabum
881 1287 915 1314 et
930 1280 1044 1314 divitis
1056 1280 1177 1313 Indiae

459 1335 642 1368 caementis
655 1334 732 1367 licet
749 1345 892 1377 occupes

414 1388 626 1431 Tyrrhenum
642 1398 742 1420 omne
759 1387 824 1419 tuis
840 1392 873 1420 et
885 1396 976 1419 mare
993 1384 1198 1429 †Apulicum
1212 1396 1222 1424 3

457 1511 485 1543 si
503 1511 574 1553 figit
591 1510 828 1542 adamantinos

412 1564 550 1595 summis
568 1563 745 1595 verticibus
760 1562 834 1594 dira
850 1560 1042 1594 Necessitas

455 1615 580 1652 clavos,
595 1625 664 1647 non
680 1614 831 1646 animum
846 1617 949 1652 metu,

412 1677 481 1699 non
497 1667 614 1700 mortis
631 1666 759 1710 laqueis
775 1665 933 1708 expedies
947 1667 1061 1707 caput.

455 1795 658 1833 campestres
674 1789 794 1822 melius
812 1788 968 1832 Scythae,

411 1853 553 1886 quorum
569 1843 717 1885 plaustra
732 1852 835 1884 vagas
850 1841 912 1874 rite
927 1839 1064 1874 trahunt
1078 1837 1210 1878 domos,
1280 1851 1313 1869 10

456 1895 573 1927 vivunt
589 1900 621 1927 et
638 1894 737 1937 rigidi
755 1894 874 1932 Getae,

415 1947 588 1979 immetata
605 1947 726 1987 quibus
742 1947 862 1989 iugera
871 1945 995 1978 liberas
