1410 2283
277 127 337 150 212
563 116 600 155 Q.
631 115 763 146 HORA
772 113 822 145 TI
845 112 935 145 FLA
941 112 1016 146 CC!
1237 109 1299 152 [lv.

278 203 347 226 non
364 191 476 233 magni
493 190 622 233 pendis,
643 189 721 233 quia
737 187 900 231 contigit:
923 191 959 221 at
973 185 1057 220 mihi
1072 195 1153 220 cum

279 255 346 277 non
362 243 540 277 mediocris
557 243 652 280 inest,
674 241 783 274 sontes
798 247 834 274 ut
849 240 943 274 adire
958 243 1106 273 remotos

278 303 379 340 atque
396 296 526 329 haurire
543 306 664 338 queam
682 294 768 327 vitae
785 298 965 337 praecepta
979 292 1108 326 beatae.

281 557 322 590 V.
454 555 516 590 OC
535 565 678 598 quoque,
699 553 840 593 Tiresia,
861 556 993 596 praeter
1008 554 1141 585 narrata
1155 550 1282 596 petenti

475 608 651 651 responde,
668 608 790 650 quibus
802 607 943 639 amissas
955 615 1109 649 reparare
1119 614 1240 648 queam
1252 613 1305 637 res

280 662 406 694 artibus
423 666 522 703 atque
540 660 658 693 modis.
708 659 790 703 quid
807 658 919 691 rides?
945 657 1071 690 ‘iamne
1088 656 1209 689 doloso

280 724 347 746 non
365 714 444 745 satis
461 718 510 745 est
529 712 680 744 Ithacam
698 710 810 744 revehi
826 709 1021 753 patriosque
1036 708 1169 751 penatis

280 765 452 807 adspicere
464 763 493 796 ?'
517 774 539 795 o
556 763 638 795 nulli
655 763 835 805 quicquam
851 761 1000 800 mentite,
1022 760 1115 793 vides
1135 764 1171 792 ut

281 817 389 849 nudus
405 817 568 858 inopsque
584 815 721 847 domurn
739 814 883 853 redeam,
904 819 937 846 te
954 818 1053 853 vate;
1069 822 1177 855 neque
1193 810 1262 844 illic

279 874 336 901 aut
353 868 515 911 apotheca
533 867 642 909 procis
659 867 783 898 intacta
800 871 849 898 est
865 870 922 898 aut
939 875 1051 908 pecus.
1101 863 1196 908 atqui

280 926 312 953 et
329 931 433 963 genus
448 925 481 952 et
497 920 611 957 virtus,
631 918 694 950 nisi
711 929 787 951 cum
803 929 848 957 re,
868 917 967 949 vilior
982 917 1058 959 alga
1074 920 1135 949 est.

284 972 437 1015 ‘quando
454 971 658 1014 pauperiem,
679 970 788 1002 missis
803 969 1012 1012 ambagibus,
1033 969 1158 1008 hor-res,

281 1026 396 1067 accipe
412 1035 478 1067 qua
496 1024 622 1056 ratione
639 1033 742 1065 queas
757 1022 928 1054 ditescere.
980 1021 1097 1054 turdus
1276 1033 1310 1053 xo

280 1078 349 1110 sive
366 1076 457 1108 aliud
472 1076 604 1118 privum
620 1075 754 1106 dabitur
770 1073 844 1112 tibi,
863 1072 997 1106 devolet
1014 1072 1095 1105 illuc

282 1141 334 1162 res
350 1129 407 1160 ubi
424 1138 544 1170 magna
558 1127 641 1158 nitet
657 1126 797 1158 domino
813 1135 910 1157 sene:
935 1124 1048 1157 dulcia
1064 1133 1167 1168 poma

283 1188 315 1215 et
331 1189 559 1224 quoscumque
577 1178 657 1210 seret
673 1177 781 1210 cultus
799 1176 859 1208 tibi
876 1175 998 1208 fundus
1013 1175 1168 1216 honores,

283 1240 360 1266 ante
379 1233 499 1265 Larem
515 1237 624 1274 gustet
640 1229 863 1262 venerabilior
879 1228 966 1261 Lare
982 1228 1076 1261 dives
1091 1240 1100 1261 t

284 1287 342 1330 qui
359 1285 511 1329 quamius
528 1284 678 1327 periurus
694 1282 766 1321 erit,
787 1282 858 1314 sine
873 1285 984 1324 gente,
1004 1285 1161 1314 cruentus

285 1339 446 1381 sanguine
462 1337 619 1375 fraterno,
640 1335 808 1377 fugitivus,
827 1344 870 1367 ne
886 1339 999 1366 tamen
1015 1333 1066 1366 illi

287 1398 323 1423 tu
339 1401 451 1423 comes
466 1389 619 1426 exterior,
640 1387 667 1420 si
684 1386 840 1429 postulet,
861 1386 909 1418 ire
925 1384 1082 1419 recuses.’

287 1450 366 1475 utne
383 1448 494 1484 tegam
510 1450 630 1483 spurco
647 1439 777 1471 Damae
793 1438 905 1471 latus?
928 1437 1021 1470 haud
1037 1437 1085 1470 ita
1100 1436 1223 1471 Troiae
1263 1472 1265 1479 ¹

289 1506 341 1527 me
357 1494 455 1537 gessi,
474 1499 604 1526 certans
621 1501 752 1533 semper
768 1489 974 1523 melioribus.
1032 1490 1128 1533 ‘ergo
1351 1526 1354 1530 ¹

288 1557 415 1590 pauper
431 1543 520 1578 eris.’
566 1544 685 1576 sortem
701 1543 765 1576 hoc
781 1542 931 1574 animum
949 1541 1092 1574 tolerare
1107 1541 1254 1575 iubebo:
1278 1554 1313 1574 no

289 1605 321 1631 et
338 1598 509 1640 quondam
526 1596 654 1628 maiora
670 1594 741 1627 tuli.
792 1599 828 1626 tu
844 1594 998 1637 protinus
1013 1593 1103 1626 unde

289 1651 424 1682 divitias
439 1649 590 1690 aerisque
607 1658 700 1680 ruam
716 1646 781 1685 dic,
802 1656 917 1688 augur,
937 1654 1085 1678 acervos.

293 1703 302 1718 ‘
312 1701 381 1733 dixi
398 1700 554 1743 equidem
571 1705 603 1731 et
619 1699 706 1731 dico.
757 1701 872 1740 oeptes
887 1701 1015 1729 astutus
1030 1696 1156 1739 ubique

290 1757 490 1784 testamenta
506 1761 632 1788 senum,
652 1760 728 1788 neu,
750 1749 778 1781 si
794 1748 886 1780 vafer
902 1758 988 1780 unus
1003 1752 1038 1781 et
1052 1747 1139 1780 alter

291 1803 518 1836 insidiatorem
534 1812 691 1845 praeroso
707 1800 828 1843 sugerit
843 1800 956 1839 hamo,

290 1861 347 1888 aut
362 1866 455 1897 spem
472 1855 622 1896 deponas
637 1857 694 1885 aut
709 1857 815 1884 artem
832 1851 950 1884 illusus
965 1849 1111 1884 omittas.

291 1916 414 1948 magna
429 1906 581 1938 minorve
595 1904 669 1937 foro
685 1903 714 1936 si
728 1913 781 1936 tes
796 1901 976 1936 certabitur
990 1901 1085 1941 olim,
