1458 2315
155 136 224 180 XL]
414 138 692 170 CARMJNUM
715 138 862 168 LIBER
886 138 909 168 I
915 138 948 169 V.
1147 147 1206 176 119

199 217 352 247 mutatus
365 214 567 257 Ligurinum
584 214 619 246 in
636 214 757 247 faciem
774 214 912 247 verterit
927 213 1112 257 hispidam,

203 268 298 301 dices
315 269 324 284 ‘
335 267 404 301 heu
417 266 425 282 '
444 267 602 311 quotiens
619 272 653 300 te
670 267 809 310 speculo
826 267 952 300 videris
969 267 1125 306 alterum,

204 322 214 337 ‘
227 332 314 364 quae
334 331 432 353 mens
450 326 500 354 est
517 320 631 360 hodie,
652 331 710 353 cur
726 321 848 353 eadem
864 331 934 353 non
951 331 1056 363 puero
1072 319 1146 359 suit,

204 374 259 407 vel
277 385 337 408 cur
352 374 406 407 his
423 374 547 407 animis
564 374 754 407 incolumes
770 384 840 406 non
857 374 999 407 redeunt
1015 384 1124 417 genae
1136 375 1152 406 ?
1163 373 1172 389 '

159 749 226 782 XI.
390 748 449 783 ST
464 747 550 781 mihi
566 759 696 781 nonum
713 749 903 792 superantis
920 760 1047 782 annum

410 801 531 845 plenus
548 801 678 834 Albani
695 803 800 835 cadus
812 814 822 842 ;
848 807 898 836 est
915 803 950 835 in
966 803 1077 843 horto,

298 855 424 899 Phylli,
444 856 622 888 nectendis
637 855 755 899 apium
772 857 906 889 coronis
923 867 934 896 3

471 914 521 942 est
537 908 687 942 hederae
704 910 755 942 vis

26 1054 27 1058 Ἰ
293 1013 412 1054 multa,
432 1024 501 1058 qua
517 1014 619 1047 crinis
636 1015 780 1059 religata
796 1015 904 1058 fulges
919 1026 929 1056 ;

26 1085 29 1109 ἦ
294 1067 382 1100 ridet
400 1072 542 1111 argento
558 1069 681 1101 domus
697 1081 707 1109 ;
732 1080 789 1101 ara
806 1069 908 1102 castis

27 1142 30 1158 ι
294 1121 408 1153 vincta
423 1120 580 1154 verbenis
597 1126 674 1154 avet
691 1121 870 1155 immolato

144 1170 149 1174 ’
477 1174 629 1217 spargier
645 1185 735 1217 agno
748 1186 759 1214 ;

295 1282 417 1311 cuncta
434 1277 570 1311 festinat
586 1289 717 1319 manus,
738 1279 806 1312 hue
822 1283 856 1312 et
873 1280 953 1313 illuc

294 1331 457 1364 cursitant
473 1331 601 1364 mixtae
617 1332 731 1374 pueris
748 1332 883 1375 puellae
898 1344 909 1373 ;
1173 1350 1206 1367 10

295 1384 471 1418 sordidum
488 1384 647 1417 flammae
665 1386 838 1428 trepidant
856 1390 1005 1420 rotantes

473 1437 599 1471 vertice
616 1438 757 1472 fumum.

36 1560 40 1599 Ι
293 1547 332 1576 ut
349 1547 464 1575 tamen
477 1542 569 1575 noris
587 1542 710 1586 quibus
729 1543 906 1576 advoceris

295 1596 440 1639 gaudiis,
463 1595 546 1628 Idus
563 1595 627 1628 tibi
645 1600 723 1628 sunt
740 1597 903 1639 agendae,

15 1636 23 1673 Ῐ
39 1651 42 1694 ζ
295 1649 354 1692 qui
370 1649 443 1682 dies
460 1659 613 1681 mensem
631 1649 776 1682 Veneris
792 1650 944 1684 marinae

476 1702 574 1734 findit
592 1702 761 1745 Aprilem,

19 1808 23 1848 ,¹
39 1818 43 1820 ·
293 1806 365 1840 iure
381 1807 557 1840 sollemnis
575 1806 660 1840 mihi
678 1806 893 1851 sanctiorque

20 1869 23 1900 f
292 1870 402 1904 paene
419 1860 526 1893 natali
545 1860 695 1904 proprio,
721 1861 814 1903 quod
831 1871 872 1893 ex
888 1860 954 1894 hac

291 1912 369 1948 luce
387 1914 570 1947 Maecenas
589 1924 685 1946 meus
704 1913 884 1947 adfluentis

474 1967 610 1999 ordinat
628 1976 747 2000 annos.
1171 1985 1206 2002 20
