1458 2315
74 145 226 188 xxxm.]
346 146 623 177 CARMINUM
644 147 790 178 LIBER
817 148 844 178 I.
1076 160 1116 190 33

251 222 380 255 Lesbio
395 222 544 265 primum
557 222 736 255 modulate
754 223 832 263 civi,

250 275 311 318 qui
327 274 422 308 ferox
437 275 541 315 bello,
561 280 677 308 tamen
694 276 782 309 inter
797 287 902 317 arma,

250 328 322 361 sive
338 328 497 361 iactatam
514 328 673 371 religarat
688 329 757 362 udo

429 382 529 414 litore
547 382 672 422 navim,

249 502 411 535 Liberum
428 507 461 535 et
478 503 596 535 Musas
613 503 851 546 Veneremque
867 508 900 537 et
917 504 967 537 illi

249 566 384 598 semper
399 555 596 588 haerentem
613 567 756 598 puerum
773 558 928 598 canebat,
1083 574 1116 591 10

248 613 282 642 et
300 609 430 652 Lycum
446 608 551 651 nigris
569 609 675 641 oculis
692 610 858 653 nigroque

426 662 519 694 crine
535 662 707 695 decorum.

247 794 268 816 o
285 783 387 816 decus
404 782 535 816 Phoebi
552 788 585 816 et
601 783 746 827 dapibus
761 785 910 828 supremi

244 841 341 878 grata
356 836 492 868 testudo
510 837 612 876 Iovis,
633 847 654 868 o
670 837 826 870 laborum

246 891 345 924 dulce
361 891 521 930 lenimen,
544 889 644 923 hnihi
661 892 822 936 cu1nque†
835 892 927 926 salve

423 944 487 976 rite
502 945 648 978 vocanti.

68 1246 245 1281 XXXIII.
339 1245 432 1287 LBI,
452 1257 495 1280 ne
511 1247 628 1280 doleas
645 1247 721 1291 plus
737 1247 844 1280 nimio
861 1258 991 1280 memor

361 1300 502 1332 immitis
520 1301 697 1343 Glycerae,
718 1312 783 1333 neu
801 1302 1001 1335 miserabilis

243 1353 404 1387 decantes
421 1352 546 1396 elegos,
567 1365 626 1386 cur
643 1354 705 1386 tibi
722 1354 832 1387 iunior

331 1406 424 1439 laesa
439 1407 627 1449 praeniteat
645 1406 710 1439 fide
720 1418 730 1446 3

242 1527 411 1571 insignem
427 1528 520 1561 tenui
538 1528 646 1561 fronte
665 1528 834 1571 Lycorida

243 1581 324 1624 Cyri
341 1586 445 1614 torret
462 1593 565 1621 amor,
589 1582 696 1624 Cyrus
712 1583 748 1613 in
761 1593 916 1625 asperam

241 1635 391 1669 declinat
409 1635 563 1667 Pholoen
580 1647 587 1667 z
612 1635 671 1668 sed
688 1636 780 1678 prius
797 1635 919 1678 Apulis

331 1688 513 1731 iungentur
528 1699 668 1731 capreae
685 1688 774 1731 lupis

240 1820 342 1852 quam
360 1810 449 1852 turpi
468 1809 596 1842 Pholoe
614 1814 730 1852 peccet
748 1809 912 1843 adultero.

240 1863 288 1896 sic
304 1863 414 1895 visum
431 1863 568 1902 Veneri,
589 1863 642 1895 cui
660 1863 771 1905 placet
787 1863 933 1906 impares
1077 1878 1110 1896 10

240 1915 365 1948 formas
381 1920 482 1959 atque
498 1915 630 1948 animos
649 1916 711 1948 sub
728 1916 807 1959 iuga
823 1927 928 1949 aenea

328 1980 429 2002 saevo
447 1969 580 2002 mittere
595 1980 672 2002 cum
688 1969 774 2003 ioco.
