<?xml version="1.0" encoding="UTF-8"?>
<!DOCTYPE html PUBLIC "-//W3C//DTD XHTML 1.0 Transitional//EN"
    "http://www.w3.org/TR/xhtml1/DTD/xhtml1-transitional.dtd">
<html xmlns="http://www.w3.org/1999/xhtml" xml:lang="en" lang="en">
 <head>
  <title>
</title>
<meta http-equiv="Content-Type" content="text/html;charset=utf-8" />
  <meta name='ocr-system' content='tesseract 3.04.00' />
  <meta name='ocr-capabilities' content='ocr_page ocr_carea ocr_par ocr_line ocrx_word'/>
</head>
<body>
  <div class='ocr_page' id='page_1' title='image "./operacornish00horauoft_0200.png"; bbox 0 0 1410 2283; ppageno 0'>
   <div class='ocr_carea' id='block_1_1' title="bbox 274 129 1290 174">
    <p class='ocr_par' dir='ltr' id='par_1_1' title="bbox 274 129 1290 174">
     <span class='ocr_line' id='line_1_1' title="bbox 274 129 1290 174; baseline 0.008 -16"><span class='ocrx_word' id='word_1_1' title='bbox 274 130 331 167; x_wconf 85' lang='lat'>184</span> <span class='ocrx_word' id='word_1_2' title='bbox 557 129 592 168; x_wconf 88' lang='lat' dir='ltr'>Q.</span> <span class='ocrx_word' id='word_1_3' title='bbox 624 129 755 160; x_wconf 71' lang='lat' dir='ltr'><em>JIORA</em></span> <span class='ocrx_word' id='word_1_4' title='bbox 764 129 815 161; x_wconf 82' lang='lat' dir='ltr'>T!</span> <span class='ocrx_word' id='word_1_5' title='bbox 838 129 1010 162; x_wconf 64' lang='lat' dir='ltr'>mace!</span> <span class='ocrx_word' id='word_1_6' title='bbox 1213 131 1290 174; x_wconf 86' lang='lat' dir='ltr'>[vu.</span> 
     </span>
    </p>
   </div>
   <div class='ocr_carea' id='block_1_2' title="bbox 271 203 1291 497">
    <p class='ocr_par' dir='ltr' id='par_1_2' title="bbox 271 203 1072 246">
     <span class='ocr_line' id='line_1_2' title="bbox 271 203 1072 246; baseline 0.004 -10"><span class='ocrx_word' id='word_1_7' title='bbox 271 203 422 236; x_wconf 72' lang='lat' dir='ltr'>cessisset</span> <span class='ocrx_word' id='word_1_8' title='bbox 441 214 563 246; x_wconf 85' lang='lat' dir='ltr'>magna</span> <span class='ocrx_word' id='word_1_9' title='bbox 579 204 785 246; x_wconf 84' lang='lat' dir='ltr'>compellans</span> <span class='ocrx_word' id='word_1_10' title='bbox 803 215 884 238; x_wconf 84' lang='lat' dir='ltr'>voce</span> <span class='ocrx_word' id='word_1_11' title='bbox 899 205 1072 239; x_wconf 86' lang='lat' dir='ltr'>cuculum.</span> 
     </span>
    </p>

    <p class='ocr_par' dir='ltr' id='par_1_3' title="bbox 272 257 1147 300">
     <span class='ocr_line' id='line_1_3' title="bbox 272 257 1147 300; baseline 0.006 -13"><span class='ocrx_word' id='word_1_12' title='bbox 272 262 306 288; x_wconf 81' lang='lat' dir='ltr'>at</span> <span class='ocrx_word' id='word_1_13' title='bbox 324 257 481 295; x_wconf 79' lang='lat' dir='ltr'>Graecus,</span> <span class='ocrx_word' id='word_1_14' title='bbox 502 262 680 298; x_wconf 77' lang='lat' dir='ltr'>postquam</span> <span class='ocrx_word' id='word_1_15' title='bbox 697 263 747 289; x_wconf 84' lang='lat' dir='ltr'>est</span> <span class='ocrx_word' id='word_1_16' title='bbox 766 257 855 289; x_wconf 82' lang='lat' dir='ltr'>Italo</span> <span class='ocrx_word' id='word_1_17' title='bbox 872 257 1024 300; x_wconf 79' lang='lat' dir='ltr'>perfusus</span> <span class='ocrx_word' id='word_1_18' title='bbox 1039 264 1147 299; x_wconf 79' lang='lat' dir='ltr'>aceto,</span> 
     </span>
    </p>

    <p class='ocr_par' dir='ltr' id='par_1_4' title="bbox 274 308 1140 350">
     <span class='ocr_line' id='line_1_4' title="bbox 274 308 1140 350; baseline 0.003 -10"><span class='ocrx_word' id='word_1_19' title='bbox 274 308 405 340; x_wconf 81' lang='lat' dir='ltr'>Persius</span> <span class='ocrx_word' id='word_1_20' title='bbox 421 308 586 340; x_wconf 79' lang='lat' dir='ltr'>exclamat</span> <span class='ocrx_word' id='word_1_21' title='bbox 607 311 615 324; x_wconf 86' lang='lat'>‘</span> <span class='ocrx_word' id='word_1_22' title='bbox 629 319 688 350; x_wconf 86' lang='lat' dir='ltr'>per</span> <span class='ocrx_word' id='word_1_23' title='bbox 705 318 856 350; x_wconf 83' lang='lat' dir='ltr'>magnos,</span> <span class='ocrx_word' id='word_1_24' title='bbox 878 309 989 349; x_wconf 83' lang='lat' dir='ltr'>Brute,</span> <span class='ocrx_word' id='word_1_25' title='bbox 1009 310 1092 343; x_wconf 86' lang='lat' dir='ltr'>deos</span> <span class='ocrx_word' id='word_1_26' title='bbox 1107 315 1140 343; x_wconf 81' lang='lat' dir='ltr'>te</span> 
     </span>
    </p>

    <p class='ocr_par' dir='ltr' id='par_1_5' title="bbox 273 360 1026 402">
     <span class='ocr_line' id='line_1_5' title="bbox 273 360 1026 402; baseline 0.004 -11"><span class='ocrx_word' id='word_1_27' title='bbox 273 371 344 398; x_wconf 86' lang='lat' dir='ltr'>oro,</span> <span class='ocrx_word' id='word_1_28' title='bbox 364 361 421 402; x_wconf 88' lang='lat' dir='ltr'>qui</span> <span class='ocrx_word' id='word_1_29' title='bbox 439 371 533 402; x_wconf 85' lang='lat' dir='ltr'>reges</span> <span class='ocrx_word' id='word_1_30' title='bbox 549 361 719 393; x_wconf 78' lang='lat' dir='ltr'>consueris</span> <span class='ocrx_word' id='word_1_31' title='bbox 736 360 865 399; x_wconf 83' lang='lat' dir='ltr'>tollere,</span> <span class='ocrx_word' id='word_1_32' title='bbox 884 371 943 393; x_wconf 89' lang='lat' dir='ltr'>cur</span> <span class='ocrx_word' id='word_1_33' title='bbox 958 372 1026 394; x_wconf 89' lang='lat' dir='ltr'>non</span> 
     </span>
    </p>

    <p class='ocr_par' dir='ltr' id='par_1_6' title="bbox 272 411 1291 497">
     <span class='ocr_line' id='line_1_6' title="bbox 272 411 1291 455; baseline 0.003 -10"><span class='ocrx_word' id='word_1_34' title='bbox 272 412 361 445; x_wconf 90' lang='lat' dir='ltr'>hunc</span> <span class='ocrx_word' id='word_1_35' title='bbox 381 413 508 454; x_wconf 83' lang='lat' dir='ltr'>Regem</span> <span class='ocrx_word' id='word_1_36' title='bbox 525 411 682 454; x_wconf 70' lang='lat' dir='ltr'>iugulas?</span> <span class='ocrx_word' id='word_1_37' title='bbox 710 423 851 455; x_wconf 87' lang='lat' dir='ltr'>operum</span> <span class='ocrx_word' id='word_1_38' title='bbox 872 412 948 453; x_wconf 86' lang='lat' dir='ltr'>hoc,</span> <span class='ocrx_word' id='word_1_39' title='bbox 974 413 1058 447; x_wconf 82' lang='lat' dir='ltr'>mihi</span> <span class='ocrx_word' id='word_1_40' title='bbox 1081 414 1190 455; x_wconf 87' lang='lat' dir='ltr'>crede,</span> <span class='ocrx_word' id='word_1_41' title='bbox 1219 420 1291 448; x_wconf 93' lang='lat' dir='ltr'>tuo-</span> 
     </span>
     <span class='ocr_line' id='line_1_7' title="bbox 406 463 568 497; baseline 0 -1"><span class='ocrx_word' id='word_1_42' title='bbox 406 475 478 497; x_wconf 87' lang='lat' dir='ltr'>rum</span> <span class='ocrx_word' id='word_1_43' title='bbox 495 463 568 496; x_wconf 86' lang='lat' dir='ltr'>est.’</span> 
     </span>
    </p>
   </div>
   <div class='ocr_carea' id='block_1_3' title="bbox 267 669 1294 1960">
    <p class='ocr_par' dir='ltr' id='par_1_7' title="bbox 274 669 1294 761">
     <span class='ocr_line' id='line_1_8' title="bbox 274 669 1294 716; baseline 0.005 -16"><span class='ocrx_word' id='word_1_44' title='bbox 274 669 344 701; x_wconf 77' lang='lat' dir='ltr'>VII</span> <span class='ocrx_word' id='word_1_45' title='bbox 350 669 376 702; x_wconf 92' lang='lat'>1.</span> <span class='ocrx_word' id='word_1_46' title='bbox 502 670 589 702; x_wconf 78' lang='lat' dir='ltr'>Lm</span> <span class='ocrx_word' id='word_1_47' title='bbox 617 676 751 703; x_wconf 83' lang='lat' dir='ltr'>truncus</span> <span class='ocrx_word' id='word_1_48' title='bbox 778 681 869 704; x_wconf 87' lang='lat' dir='ltr'>eram</span> <span class='ocrx_word' id='word_1_49' title='bbox 899 669 1050 711; x_wconf 82' lang='lat' dir='ltr'>ficulnus,</span> <span class='ocrx_word' id='word_1_50' title='bbox 1082 669 1199 706; x_wconf 85' lang='lat' dir='ltr'>inutile</span> <span class='ocrx_word' id='word_1_51' title='bbox 1230 671 1294 716; x_wconf 81' lang='lat' dir='ltr'>lig-</span> 
     </span>
     <span class='ocr_line' id='line_1_9' title="bbox 653 733 744 761; baseline 0 -7"><span class='ocrx_word' id='word_1_52' title='bbox 653 733 744 761; x_wconf 84' lang='lat' dir='ltr'>num,</span> 
     </span>
    </p>

    <p class='ocr_par' dir='ltr' id='par_1_8' title="bbox 273 772 1189 818">
     <span class='ocr_line' id='line_1_10' title="bbox 273 772 1189 818; baseline 0.004 -14"><span class='ocrx_word' id='word_1_53' title='bbox 273 783 349 805; x_wconf 90' lang='lat' dir='ltr'>cum</span> <span class='ocrx_word' id='word_1_54' title='bbox 366 772 467 812; x_wconf 85' lang='lat' dir='ltr'>saber,</span> <span class='ocrx_word' id='word_1_55' title='bbox 489 773 632 806; x_wconf 87' lang='lat' dir='ltr'>incertus</span> <span class='ocrx_word' id='word_1_56' title='bbox 649 783 820 806; x_wconf 81' lang='lat' dir='ltr'>scamnum</span> <span class='ocrx_word' id='word_1_57' title='bbox 839 774 1002 807; x_wconf 82' lang='lat' dir='ltr'>faceretne</span> <span class='ocrx_word' id='word_1_58' title='bbox 1020 774 1189 818; x_wconf 87' lang='lat' dir='ltr'>Priapum,</span> 
     </span>
    </p>

    <p class='ocr_par' dir='ltr' id='par_1_9' title="bbox 273 825 1248 872">
     <span class='ocr_line' id='line_1_11' title="bbox 273 825 1248 872; baseline 0.004 -15"><span class='ocrx_word' id='word_1_59' title='bbox 273 825 390 857; x_wconf 80' lang='lat' dir='ltr'>maluit</span> <span class='ocrx_word' id='word_1_60' title='bbox 407 836 478 858; x_wconf 86' lang='lat' dir='ltr'>esse</span> <span class='ocrx_word' id='word_1_61' title='bbox 495 826 606 858; x_wconf 90' lang='lat' dir='ltr'>deum.</span> <span class='ocrx_word' id='word_1_62' title='bbox 655 826 737 858; x_wconf 91' lang='lat' dir='ltr'>deus</span> <span class='ocrx_word' id='word_1_63' title='bbox 754 826 831 858; x_wconf 88' lang='lat' dir='ltr'>inde</span> <span class='ocrx_word' id='word_1_64' title='bbox 848 837 922 868; x_wconf 86' lang='lat' dir='ltr'>ego,</span> <span class='ocrx_word' id='word_1_65' title='bbox 943 826 1052 859; x_wconf 82' lang='lat' dir='ltr'>surum</span> <span class='ocrx_word' id='word_1_66' title='bbox 1067 827 1248 872; x_wconf 86' lang='lat' dir='ltr'>aviumque</span> 
     </span>
    </p>

    <p class='ocr_par' dir='ltr' id='par_1_10' title="bbox 275 877 1095 911">
     <span class='ocr_line' id='line_1_12' title="bbox 275 877 1095 911; baseline 0.002 -2"><span class='ocrx_word' id='word_1_67' title='bbox 275 878 422 909; x_wconf 82' lang='lat' dir='ltr'>maxima</span> <span class='ocrx_word' id='word_1_68' title='bbox 439 877 584 910; x_wconf 76' lang='lat' dir='ltr'>formido</span> <span class='ocrx_word' id='word_1_69' title='bbox 601 890 608 909; x_wconf 87' lang='lat'>:</span> <span class='ocrx_word' id='word_1_70' title='bbox 632 888 710 909; x_wconf 91' lang='lat' dir='ltr'>nam</span> <span class='ocrx_word' id='word_1_71' title='bbox 728 878 814 910; x_wconf 84' lang='lat' dir='ltr'>sures</span> <span class='ocrx_word' id='word_1_72' title='bbox 830 878 948 910; x_wconf 82' lang='lat' dir='ltr'>dextra</span> <span class='ocrx_word' id='word_1_73' title='bbox 964 883 1095 911; x_wconf 83' lang='lat' dir='ltr'>coercet</span> 
     </span>
    </p>

    <p class='ocr_par' dir='ltr' id='par_1_11' title="bbox 272 930 1120 973">
     <span class='ocr_line' id='line_1_13' title="bbox 272 930 1120 973; baseline 0.002 -12"><span class='ocrx_word' id='word_1_74' title='bbox 272 930 485 972; x_wconf 84' lang='lat' dir='ltr'>obscenoque</span> <span class='ocrx_word' id='word_1_75' title='bbox 503 930 600 962; x_wconf 87' lang='lat' dir='ltr'>ruber</span> <span class='ocrx_word' id='word_1_76' title='bbox 617 936 787 972; x_wconf 85' lang='lat' dir='ltr'>porrectus</span> <span class='ocrx_word' id='word_1_77' title='bbox 800 930 843 961; x_wconf 87' lang='lat' dir='ltr'>ab</span> <span class='ocrx_word' id='word_1_78' title='bbox 860 930 997 972; x_wconf 88' lang='lat' dir='ltr'>inguine</span> <span class='ocrx_word' id='word_1_79' title='bbox 1013 930 1120 973; x_wconf 83' lang='lat' dir='ltr'>palus,</span> 
     </span>
    </p>

    <p class='ocr_par' dir='ltr' id='par_1_12' title="bbox 272 981 1074 1024">
     <span class='ocr_line' id='line_1_14' title="bbox 272 981 1074 1024; baseline 0.001 -11"><span class='ocrx_word' id='word_1_80' title='bbox 272 989 323 1014; x_wconf 84' lang='lat' dir='ltr'>ast</span> <span class='ocrx_word' id='word_1_81' title='bbox 338 982 546 1024; x_wconf 82' lang='lat' dir='ltr'>importunas</span> <span class='ocrx_word' id='word_1_82' title='bbox 563 982 714 1014; x_wconf 81' lang='lat' dir='ltr'>volucres</span> <span class='ocrx_word' id='word_1_83' title='bbox 731 982 764 1013; x_wconf 93' lang='lat' dir='ltr'>in</span> <span class='ocrx_word' id='word_1_84' title='bbox 781 982 903 1014; x_wconf 87' lang='lat' dir='ltr'>vertice</span> <span class='ocrx_word' id='word_1_85' title='bbox 921 981 1074 1014; x_wconf 83' lang='lat' dir='ltr'>harundo</span> 
     </span>
    </p>

    <p class='ocr_par' dir='ltr' id='par_1_13' title="bbox 272 1033 1111 1076">
     <span class='ocr_line' id='line_1_15' title="bbox 272 1033 1111 1076; baseline 0.001 -10"><span class='ocrx_word' id='word_1_86' title='bbox 272 1040 371 1066; x_wconf 84' lang='lat' dir='ltr'>terret</span> <span class='ocrx_word' id='word_1_87' title='bbox 389 1033 453 1066; x_wconf 82' lang='lat' dir='ltr'>fixa</span> <span class='ocrx_word' id='word_1_88' title='bbox 470 1040 624 1076; x_wconf 84' lang='lat' dir='ltr'>vetatque</span> <span class='ocrx_word' id='word_1_89' title='bbox 642 1033 737 1065; x_wconf 80' lang='lat' dir='ltr'>novis</span> <span class='ocrx_word' id='word_1_90' title='bbox 754 1033 927 1066; x_wconf 87' lang='lat' dir='ltr'>considere</span> <span class='ocrx_word' id='word_1_91' title='bbox 944 1034 978 1065; x_wconf 93' lang='lat' dir='ltr'>in</span> <span class='ocrx_word' id='word_1_92' title='bbox 994 1033 1111 1067; x_wconf 85' lang='lat' dir='ltr'>hortis.</span> 
     </span>
    </p>

    <p class='ocr_par' dir='ltr' id='par_1_14' title="bbox 274 1085 1023 1128">
     <span class='ocr_line' id='line_1_16' title="bbox 274 1085 1023 1128; baseline 0.001 -11"><span class='ocrx_word' id='word_1_93' title='bbox 274 1086 338 1118; x_wconf 88' lang='lat' dir='ltr'>huc</span> <span class='ocrx_word' id='word_1_94' title='bbox 355 1086 446 1128; x_wconf 85' lang='lat' dir='ltr'>prius</span> <span class='ocrx_word' id='word_1_95' title='bbox 462 1086 611 1127; x_wconf 75' lang='lat' dir='ltr'>angustis</span> <span class='ocrx_word' id='word_1_96' title='bbox 628 1085 734 1117; x_wconf 86' lang='lat' dir='ltr'>eiecta</span> <span class='ocrx_word' id='word_1_97' title='bbox 750 1085 913 1117; x_wconf 83' lang='lat' dir='ltr'>cadavera</span> <span class='ocrx_word' id='word_1_98' title='bbox 928 1085 1023 1118; x_wconf 84' lang='lat' dir='ltr'>cellis</span> 
     </span>
    </p>

    <p class='ocr_par' dir='ltr' id='par_1_15' title="bbox 273 1137 1027 1179">
     <span class='ocr_line' id='line_1_17' title="bbox 273 1137 1027 1179; baseline -0.001 -9"><span class='ocrx_word' id='word_1_99' title='bbox 273 1149 452 1170; x_wconf 73' lang='lat' dir='ltr'>conservus</span> <span class='ocrx_word' id='word_1_100' title='bbox 470 1138 526 1168; x_wconf 82' lang='lat' dir='ltr'>vili</span> <span class='ocrx_word' id='word_1_101' title='bbox 545 1137 711 1179; x_wconf 83' lang='lat' dir='ltr'>portanda</span> <span class='ocrx_word' id='word_1_102' title='bbox 728 1137 861 1169; x_wconf 85' lang='lat' dir='ltr'>locabat</span> <span class='ocrx_word' id='word_1_103' title='bbox 877 1137 911 1169; x_wconf 92' lang='lat' dir='ltr'>in</span> <span class='ocrx_word' id='word_1_104' title='bbox 927 1147 1027 1177; x_wconf 79' lang='lat' dir='ltr'>arca3</span> 
     </span>
    </p>

    <p class='ocr_par' dir='ltr' id='par_1_16' title="bbox 271 1189 1293 1232">
     <span class='ocr_line' id='line_1_18' title="bbox 271 1189 1293 1232; baseline 0.002 -11"><span class='ocrx_word' id='word_1_105' title='bbox 271 1190 335 1221; x_wconf 80' lang='lat' dir='ltr'>hoe</span> <span class='ocrx_word' id='word_1_106' title='bbox 352 1190 491 1221; x_wconf 79' lang='lat' dir='ltr'>miserae</span> <span class='ocrx_word' id='word_1_107' title='bbox 508 1189 599 1231; x_wconf 82' lang='lat' dir='ltr'>plebi</span> <span class='ocrx_word' id='word_1_108' title='bbox 616 1189 724 1221; x_wconf 88' lang='lat' dir='ltr'>stabat</span> <span class='ocrx_word' id='word_1_109' title='bbox 741 1199 919 1222; x_wconf 89' lang='lat' dir='ltr'>commune</span> <span class='ocrx_word' id='word_1_110' title='bbox 935 1189 1134 1232; x_wconf 86' lang='lat' dir='ltr'>sepulcrum,</span> <span class='ocrx_word' id='word_1_111' title='bbox 1259 1205 1293 1225; x_wconf 79' lang='grc' dir='ltr'>ιο</span> 
     </span>
    </p>

    <p class='ocr_par' dir='ltr' id='par_1_17' title="bbox 274 1241 1053 1284">
     <span class='ocr_line' id='line_1_19' title="bbox 274 1241 1053 1284; baseline 0.001 -10"><span class='ocrx_word' id='word_1_112' title='bbox 274 1242 461 1274; x_wconf 77' lang='lat' dir='ltr'>Pantolabo</span> <span class='ocrx_word' id='word_1_113' title='bbox 478 1252 610 1273; x_wconf 87' lang='lat' dir='ltr'>scurrae</span> <span class='ocrx_word' id='word_1_114' title='bbox 628 1241 912 1284; x_wconf 82' lang='lat' dir='ltr'>Nomentanoque</span> <span class='ocrx_word' id='word_1_115' title='bbox 928 1241 1053 1284; x_wconf 81' lang='lat' dir='ltr'>nepoti.</span> 
     </span>
    </p>

    <p class='ocr_par' dir='ltr' id='par_1_18' title="bbox 271 1293 1171 1337">
     <span class='ocr_line' id='line_1_20' title="bbox 271 1293 1171 1337; baseline 0.001 -12"><span class='ocrx_word' id='word_1_116' title='bbox 271 1294 364 1326; x_wconf 88' lang='lat' dir='ltr'>mille</span> <span class='ocrx_word' id='word_1_117' title='bbox 380 1294 481 1336; x_wconf 81' lang='lat' dir='ltr'>pedes</span> <span class='ocrx_word' id='word_1_118' title='bbox 499 1294 531 1324; x_wconf 92' lang='lat' dir='ltr'>in</span> <span class='ocrx_word' id='word_1_119' title='bbox 549 1293 667 1331; x_wconf 78' lang='lat' dir='ltr'>fronte.</span> <span class='ocrx_word' id='word_1_120' title='bbox 688 1299 853 1326; x_wconf 87' lang='lat' dir='ltr'>trecentos</span> <span class='ocrx_word' id='word_1_121' title='bbox 868 1293 988 1336; x_wconf 85' lang='lat' dir='ltr'>cippus</span> <span class='ocrx_word' id='word_1_122' title='bbox 1003 1293 1038 1326; x_wconf 90' lang='lat' dir='ltr'>in</span> <span class='ocrx_word' id='word_1_123' title='bbox 1053 1304 1171 1337; x_wconf 84' lang='lat' dir='ltr'>agrum</span> 
     </span>
    </p>

    <p class='ocr_par' dir='ltr' id='par_1_19' title="bbox 272 1346 1182 1389">
     <span class='ocr_line' id='line_1_21' title="bbox 272 1346 1182 1389; baseline 0.001 -11"><span class='ocrx_word' id='word_1_124' title='bbox 272 1346 326 1378; x_wconf 88' lang='lat' dir='ltr'>hic</span> <span class='ocrx_word' id='word_1_125' title='bbox 343 1347 446 1377; x_wconf 81' lang='lat' dir='ltr'>dabat</span> <span class='ocrx_word' id='word_1_126' title='bbox 461 1357 470 1384; x_wconf 89' lang='lat'>;</span> <span class='ocrx_word' id='word_1_127' title='bbox 494 1346 633 1377; x_wconf 87' lang='lat' dir='ltr'>heredes</span> <span class='ocrx_word' id='word_1_128' title='bbox 650 1350 905 1378; x_wconf 87' lang='lat' dir='ltr'>monumentum</span> <span class='ocrx_word' id='word_1_129' title='bbox 921 1356 964 1378; x_wconf 90' lang='lat' dir='ltr'>ne</span> <span class='ocrx_word' id='word_1_130' title='bbox 980 1352 1182 1389; x_wconf 84' lang='lat' dir='ltr'>sequeretur.</span> 
     </span>
    </p>

    <p class='ocr_par' dir='ltr' id='par_1_20' title="bbox 270 1397 1115 1441">
     <span class='ocr_line' id='line_1_22' title="bbox 270 1397 1115 1441; baseline 0.001 -11"><span class='ocrx_word' id='word_1_131' title='bbox 270 1409 358 1430; x_wconf 89' lang='lat' dir='ltr'>nunc</span> <span class='ocrx_word' id='word_1_132' title='bbox 374 1398 451 1430; x_wconf 87' lang='lat' dir='ltr'>licet</span> <span class='ocrx_word' id='word_1_133' title='bbox 469 1397 629 1440; x_wconf 72' lang='lat' dir='ltr'>Esquiliis</span> <span class='ocrx_word' id='word_1_134' title='bbox 643 1397 796 1430; x_wconf 79' lang='lat' dir='ltr'>habitare</span> <span class='ocrx_word' id='word_1_135' title='bbox 810 1397 998 1429; x_wconf 85' lang='lat' dir='ltr'>salubribus</span> <span class='ocrx_word' id='word_1_136' title='bbox 1013 1403 1115 1441; x_wconf 85' lang='lat' dir='ltr'>atque</span> 
     </span>
    </p>

    <p class='ocr_par' dir='ltr' id='par_1_21' title="bbox 270 1449 1070 1492">
     <span class='ocr_line' id='line_1_23' title="bbox 270 1449 1070 1492; baseline 0 -10"><span class='ocrx_word' id='word_1_137' title='bbox 270 1461 391 1492; x_wconf 81' lang='lat' dir='ltr'>aggere</span> <span class='ocrx_word' id='word_1_138' title='bbox 409 1450 442 1481; x_wconf 91' lang='lat' dir='ltr'>in</span> <span class='ocrx_word' id='word_1_139' title='bbox 459 1450 574 1492; x_wconf 83' lang='lat' dir='ltr'>aprico</span> <span class='ocrx_word' id='word_1_140' title='bbox 590 1449 738 1491; x_wconf 76' lang='lat' dir='ltr'>spatiari,</span> <span class='ocrx_word' id='word_1_141' title='bbox 758 1460 825 1492; x_wconf 93' lang='lat' dir='ltr'>quo</span> <span class='ocrx_word' id='word_1_142' title='bbox 842 1449 944 1482; x_wconf 89' lang='lat' dir='ltr'>modo</span> <span class='ocrx_word' id='word_1_143' title='bbox 960 1449 1070 1482; x_wconf 62' lang='lat' dir='ltr'>tristes</span> 
     </span>
    </p>

    <p class='ocr_par' dir='ltr' id='par_1_22' title="bbox 270 1501 1070 1544">
     <span class='ocr_line' id='line_1_24' title="bbox 270 1501 1070 1544; baseline 0 -11"><span class='ocrx_word' id='word_1_144' title='bbox 270 1502 356 1533; x_wconf 87' lang='lat' dir='ltr'>albis</span> <span class='ocrx_word' id='word_1_145' title='bbox 373 1501 550 1533; x_wconf 81' lang='lat' dir='ltr'>informem</span> <span class='ocrx_word' id='word_1_146' title='bbox 569 1501 767 1543; x_wconf 73' lang='lat' dir='ltr'>spectabant</span> <span class='ocrx_word' id='word_1_147' title='bbox 784 1501 914 1534; x_wconf 86' lang='lat' dir='ltr'>ossibus</span> <span class='ocrx_word' id='word_1_148' title='bbox 929 1511 1070 1544; x_wconf 74' lang='lat' dir='ltr'>agrum3</span> 
     </span>
    </p>

    <p class='ocr_par' dir='ltr' id='par_1_23' title="bbox 271 1552 1147 1596">
     <span class='ocr_line' id='line_1_25' title="bbox 271 1552 1147 1596; baseline -0.001 -10"><span class='ocrx_word' id='word_1_149' title='bbox 271 1565 347 1586; x_wconf 88' lang='lat' dir='ltr'>cum</span> <span class='ocrx_word' id='word_1_150' title='bbox 363 1553 446 1585; x_wconf 88' lang='lat' dir='ltr'>mihi</span> <span class='ocrx_word' id='word_1_151' title='bbox 459 1564 527 1585; x_wconf 87' lang='lat' dir='ltr'>non</span> <span class='ocrx_word' id='word_1_152' title='bbox 546 1558 677 1585; x_wconf 82' lang='lat' dir='ltr'>tantum</span> <span class='ocrx_word' id='word_1_153' title='bbox 693 1552 846 1595; x_wconf 85' lang='lat' dir='ltr'>furesque</span> <span class='ocrx_word' id='word_1_154' title='bbox 863 1552 1019 1596; x_wconf 88' lang='lat' dir='ltr'>seraeque</span> <span class='ocrx_word' id='word_1_155' title='bbox 1034 1556 1147 1586; x_wconf 84' lang='lat' dir='ltr'>suetae</span> 
     </span>
    </p>

    <p class='ocr_par' dir='ltr' id='par_1_24' title="bbox 269 1604 1083 1647">
     <span class='ocr_line' id='line_1_26' title="bbox 269 1604 1083 1647; baseline -0.001 -10"><span class='ocrx_word' id='word_1_156' title='bbox 269 1605 358 1637; x_wconf 89' lang='lat' dir='ltr'>hunc</span> <span class='ocrx_word' id='word_1_157' title='bbox 376 1616 496 1637; x_wconf 82' lang='lat' dir='ltr'>vexare</span> <span class='ocrx_word' id='word_1_158' title='bbox 513 1605 625 1637; x_wconf 90' lang='lat' dir='ltr'>locum</span> <span class='ocrx_word' id='word_1_159' title='bbox 642 1615 740 1637; x_wconf 81' lang='lat' dir='ltr'>curae</span> <span class='ocrx_word' id='word_1_160' title='bbox 758 1610 834 1637; x_wconf 90' lang='lat' dir='ltr'>sunt</span> <span class='ocrx_word' id='word_1_161' title='bbox 849 1610 949 1647; x_wconf 91' lang='lat' dir='ltr'>atque</span> <span class='ocrx_word' id='word_1_162' title='bbox 965 1604 1083 1644; x_wconf 87' lang='lat' dir='ltr'>labori,</span> 
     </span>
    </p>

    <p class='ocr_par' dir='ltr' id='par_1_25' title="bbox 269 1655 1169 1700">
     <span class='ocr_line' id='line_1_27' title="bbox 269 1655 1169 1700; baseline -0.001 -11"><span class='ocrx_word' id='word_1_163' title='bbox 269 1663 430 1700; x_wconf 88' lang='lat' dir='ltr'>quantum</span> <span class='ocrx_word' id='word_1_164' title='bbox 448 1657 650 1690; x_wconf 85' lang='lat' dir='ltr'>carminibus</span> <span class='ocrx_word' id='word_1_165' title='bbox 666 1667 751 1699; x_wconf 86' lang='lat' dir='ltr'>quae</span> <span class='ocrx_word' id='word_1_166' title='bbox 766 1662 899 1689; x_wconf 88' lang='lat' dir='ltr'>versant</span> <span class='ocrx_word' id='word_1_167' title='bbox 916 1662 1017 1699; x_wconf 82' lang='lat' dir='ltr'>atque</span> <span class='ocrx_word' id='word_1_168' title='bbox 1031 1655 1169 1690; x_wconf 76' lang='lat' dir='ltr'>venenis</span> 
     </span>
    </p>

    <p class='ocr_par' dir='ltr' id='par_1_26' title="bbox 267 1708 1287 1751">
     <span class='ocr_line' id='line_1_28' title="bbox 267 1708 1287 1751; baseline -0.001 -10"><span class='ocrx_word' id='word_1_169' title='bbox 267 1709 433 1742; x_wconf 88' lang='lat' dir='ltr'>humanos</span> <span class='ocrx_word' id='word_1_170' title='bbox 449 1710 580 1741; x_wconf 86' lang='lat' dir='ltr'>animos</span> <span class='ocrx_word' id='word_1_171' title='bbox 597 1721 604 1740; x_wconf 88' lang='lat'>:</span> <span class='ocrx_word' id='word_1_172' title='bbox 629 1709 690 1740; x_wconf 84' lang='lat' dir='ltr'>has</span> <span class='ocrx_word' id='word_1_173' title='bbox 706 1708 799 1741; x_wconf 89' lang='lat' dir='ltr'>nullo</span> <span class='ocrx_word' id='word_1_174' title='bbox 815 1709 955 1751; x_wconf 90' lang='lat' dir='ltr'>perdere</span> <span class='ocrx_word' id='word_1_175' title='bbox 971 1719 1108 1751; x_wconf 87' lang='lat' dir='ltr'>possum</span> <span class='ocrx_word' id='word_1_176' title='bbox 1252 1720 1287 1739; x_wconf 64' lang='grc' dir='ltr'>πο</span> 
     </span>
    </p>

    <p class='ocr_par' dir='ltr' id='par_1_27' title="bbox 268 1759 1196 1804">
     <span class='ocr_line' id='line_1_29' title="bbox 268 1759 1196 1804; baseline -0.002 -11"><span class='ocrx_word' id='word_1_177' title='bbox 268 1772 329 1793; x_wconf 91' lang='lat' dir='ltr'>nec</span> <span class='ocrx_word' id='word_1_178' title='bbox 342 1761 520 1804; x_wconf 85' lang='lat' dir='ltr'>prohibere</span> <span class='ocrx_word' id='word_1_179' title='bbox 537 1761 650 1800; x_wconf 93' lang='lat' dir='ltr'>modo,</span> <span class='ocrx_word' id='word_1_180' title='bbox 670 1761 769 1793; x_wconf 87' lang='lat' dir='ltr'>simul</span> <span class='ocrx_word' id='word_1_181' title='bbox 786 1771 825 1793; x_wconf 91' lang='lat' dir='ltr'>ac</span> <span class='ocrx_word' id='word_1_182' title='bbox 842 1771 928 1802; x_wconf 85' lang='lat' dir='ltr'>vaga</span> <span class='ocrx_word' id='word_1_183' title='bbox 943 1760 1023 1792; x_wconf 87' lang='lat' dir='ltr'>luna</span> <span class='ocrx_word' id='word_1_184' title='bbox 1037 1759 1196 1792; x_wconf 87' lang='lat' dir='ltr'>decorum</span> 
     </span>
    </p>

    <p class='ocr_par' dir='ltr' id='par_1_28' title="bbox 268 1811 1172 1856">
     <span class='ocr_line' id='line_1_30' title="bbox 268 1811 1172 1856; baseline -0.001 -11"><span class='ocrx_word' id='word_1_185' title='bbox 268 1814 407 1856; x_wconf 90' lang='lat' dir='ltr'>protulit</span> <span class='ocrx_word' id='word_1_186' title='bbox 423 1824 470 1852; x_wconf 88' lang='lat' dir='ltr'>os,</span> <span class='ocrx_word' id='word_1_187' title='bbox 491 1813 571 1856; x_wconf 89' lang='lat' dir='ltr'>quin</span> <span class='ocrx_word' id='word_1_188' title='bbox 587 1824 663 1845; x_wconf 86' lang='lat' dir='ltr'>ossa</span> <span class='ocrx_word' id='word_1_189' title='bbox 678 1813 792 1855; x_wconf 87' lang='lat' dir='ltr'>legant</span> <span class='ocrx_word' id='word_1_190' title='bbox 806 1812 995 1854; x_wconf 87' lang='lat' dir='ltr'>herbasque</span> <span class='ocrx_word' id='word_1_191' title='bbox 1010 1811 1172 1844; x_wconf 85' lang='lat' dir='ltr'>nocentis.</span> 
     </span>
    </p>

    <p class='ocr_par' dir='ltr' id='par_1_29' title="bbox 267 1863 1066 1907">
     <span class='ocr_line' id='line_1_31' title="bbox 267 1863 1066 1907; baseline -0.001 -10"><span class='ocrx_word' id='word_1_192' title='bbox 267 1865 338 1897; x_wconf 88' lang='lat' dir='ltr'>vidi</span> <span class='ocrx_word' id='word_1_193' title='bbox 354 1872 486 1907; x_wconf 87' lang='lat' dir='ltr'>egomet</span> <span class='ocrx_word' id='word_1_194' title='bbox 503 1866 599 1906; x_wconf 87' lang='lat' dir='ltr'>nigra</span> <span class='ocrx_word' id='word_1_195' title='bbox 615 1865 819 1898; x_wconf 85' lang='lat' dir='ltr'>succinctam</span> <span class='ocrx_word' id='word_1_196' title='bbox 835 1865 957 1897; x_wconf 86' lang='lat' dir='ltr'>vadere</span> <span class='ocrx_word' id='word_1_197' title='bbox 973 1863 1066 1907; x_wconf 87' lang='lat' dir='ltr'>palla</span> 
     </span>
    </p>

    <p class='ocr_par' dir='ltr' id='par_1_30' title="bbox 269 1914 1071 1960">
     <span class='ocr_line' id='line_1_32' title="bbox 269 1914 1071 1960; baseline -0.001 -11"><span class='ocrx_word' id='word_1_198' title='bbox 269 1917 459 1956; x_wconf 86' lang='lat' dir='ltr'>Canidiam,</span> <span class='ocrx_word' id='word_1_199' title='bbox 480 1917 622 1959; x_wconf 87' lang='lat' dir='ltr'>pedibus</span> <span class='ocrx_word' id='word_1_200' title='bbox 640 1917 738 1949; x_wconf 89' lang='lat' dir='ltr'>nudis</span> <span class='ocrx_word' id='word_1_201' title='bbox 754 1926 920 1960; x_wconf 86' lang='lat' dir='ltr'>passoque</span> <span class='ocrx_word' id='word_1_202' title='bbox 936 1914 1071 1959; x_wconf 86' lang='lat' dir='ltr'>capillo,</span> 
     </span>
    </p>
   </div>
   <div class='ocr_carea' id='block_1_4' title="bbox 829 2134 1410 2283">
    <p class='ocr_par' dir='ltr' id='par_1_31' title="bbox 829 2134 1410 2283">
     <span class='ocr_line' id='line_1_33' title="bbox 829 2134 1410 2283; baseline 0 0"><span class='ocrx_word' id='word_1_203' title='bbox 829 2134 1410 2283; x_wconf 95' lang='lat' dir='ltr'> </span> 
     </span>
    </p>
   </div>
  </div>
 </body>
</html>
