1426 2315
351 146 420 178 DE
437 146 574 179 ARTE
600 146 822 180 POETICA.
1050 148 1110 180 281

76 222 227 258 Caecilio
242 221 433 266 Plautoque
448 222 544 256 dabit
561 223 736 257 Romanus
751 223 949 267 ademptum

77 275 232 320 Vergilio
247 275 422 319 Varioque
433 277 449 308 ?
471 286 536 319 ego
551 287 620 316 cur,
640 277 814 320 acquirere
830 287 939 320 pauca

74 328 104 362 si
119 339 268 372 possum,
287 329 452 369 invideor,
472 339 548 361 cum
566 329 680 372 lingua
697 329 837 363 Catonis
853 334 887 363 et
904 329 996 363 Enni

75 391 267 414 sermonem
282 381 429 424 patrium
445 382 602 414 ditaverit
617 387 650 415 et
667 392 755 414 nova
770 392 881 415 rerum

76 433 215 466 nomina
230 434 433 477 protulerit?
476 434 569 467 licuit
586 445 784 477 semperque
800 434 917 468 licebit

76 486 246 529 signatum
262 491 437 529 praesente
453 491 534 519 nota
550 487 734 529 producere
750 497 885 520 nomen.

76 543 114 571 ut
130 538 234 571 silvae
251 539 339 571 soliis
355 549 479 582 pronos
496 544 667 572 mutantur
683 540 716 571 in
733 550 850 579 annOS,
1080 548 1114 574 (ο

75 590 187 634 prima
202 591 326 624 cadunt
339 603 349 631 ;
374 592 421 624 ita
436 592 614 625 verborum
631 597 726 625 vetus
742 593 855 624 interit
872 598 976 631 aetas,

76 648 112 676 et
127 644 286 677 iuvenum
302 644 367 676 ritu
384 644 502 677 florent
519 645 622 677 modo
639 651 719 677 nata
734 645 1007 696 vigentque&

76 695 241 730 debemur
255 697 356 729 morti
371 707 433 729 nos
448 702 648 740 nostraque:
672 698 742 730 sive
759 703 913 741 receptus

75 751 167 782 terra
181 749 364 792 Neptunus
379 749 494 782 classis
511 749 739 792 Aquilonibus
755 755 855 789 arcet,

79 801 169 844 regis
184 811 281 844 opuS,
301 801 464 834 sterilisve
480 802 578 845 palus
594 802 653 834 diu
669 806 816 846 aptaque
833 802 933 836 remis

79 853 206 890 vicinas
221 854 320 886 urbes
335 853 396 886 alit
412 858 445 886 et
461 865 564 897 grave
580 855 680 888 sentit
697 856 870 896 aratmmst

76 916 136 940 seu
151 916 284 940 cursum
300 906 442 939 mutavit
459 907 611 950 iniquum
628 907 778 950 frugibus
795 908 904 941 amnis

75 958 197 992 doctus
211 959 275 992 iter
289 958 429 993 melius:
452 960 607 993 mortalia
624 960 711 993 sacta
727 961 897 1003 peribunt,

76 1011 203 1045 nedum
218 1022 411 1046 sermonum
427 1016 491 1045 stet
507 1012 615 1045 honos
631 1017 663 1045 et
680 1013 788 1055 gratia
804 1014 914 1047 vivax.

65 1064 186 1098 ·multa
201 1070 414 1098 renascentur
429 1075 516 1107 quae
532 1065 599 1097 iam
615 1065 777 1106 cecidere,
798 1066 988 1109 cadentque
1079 1083 1113 1106 70

76 1127 166 1160 quae
180 1127 270 1150 nunc
285 1122 363 1150 sunt
378 1117 414 1150 in
430 1117 558 1150 honore
574 1118 749 1158 vocabula,
770 1118 797 1151 si
816 1118 905 1151 volet
921 1129 1009 1159 usus,

76 1180 180 1214 quem
196 1180 299 1213 penes
314 1170 489 1202 arbitrium
506 1175 556 1203 est
572 1175 605 1203 et
622 1170 673 1203 ius
689 1176 721 1203 et
738 1181 856 1204 norma
872 1172 1044 1214 loquendi.

76 1233 130 1256 res
145 1228 260 1266 gestae
276 1233 459 1265 regumque
475 1222 665 1266 ducumque
682 1228 714 1256 et
731 1223 838 1256 tristia
854 1224 944 1257 bella

77 1285 147 1319 quo
162 1275 261 1309 scribi
279 1280 416 1319 possent
431 1286 581 1315 numero,
602 1277 799 1308 monstravit
819 1277 1001 1310 Homerus.

76 1328 228 1361 versibus
243 1328 416 1372 impariter
430 1328 551 1361 iunctis
567 1329 777 1371 querimonia
794 1329 951 1372 primum,

76 1384 154 1424 post
170 1381 273 1414 etiam
289 1381 418 1414 inclusa
433 1386 483 1414 est
499 1382 568 1414 voti
585 1381 752 1414 sententia
767 1392 928 1425 compos:

76 1433 153 1476 quis
169 1437 282 1466 tamen
299 1434 436 1477 exiguos
452 1434 566 1477 elegos
581 1434 729 1467 emiserit
745 1439 872 1474 auctor,

76 1485 287 1529 grammatici
303 1491 444 1526 certant,
464 1490 498 1519 et
514 1486 624 1520 adhuc
643 1486 705 1519 sub
721 1487 831 1519 iudice
848 1486 889 1518 lis
905 1490 967 1519 est.

78 1537 324 1571 Archilochum
341 1539 479 1582 proprio
496 1539 604 1572 rabies
620 1539 761 1571 armavit
779 1539 912 1570 iambo:

77 1589 169 1623 hunc
184 1590 273 1623 socci
290 1601 409 1634 cepere
426 1591 548 1634 pedem
565 1592 774 1634 grandesque
791 1591 958 1629 cothurni,
1076 1598 1109 1624 80

77 1641 216 1675 alternis
231 1647 347 1685 aptum
363 1643 573 1676 sermonibus
586 1649 618 1676 et
636 1643 809 1686 popularis

79 1694 270 1727 vincentem
287 1695 444 1738 strepitus
460 1700 493 1728 et
511 1700 626 1728 natum
645 1696 741 1728 rebus
758 1695 908 1736 agendis.

79 1746 181 1780 Musa
196 1746 290 1780 dedit
309 1746 430 1779 fidibus
444 1747 541 1779 divos
558 1758 745 1790 puerosque
761 1747 899 1779 deorum

77 1802 112 1832 et
128 1798 278 1842 pugilem
294 1797 455 1831 victorem
473 1803 505 1831 et
522 1809 645 1842 equum
663 1800 845 1832 certamine
862 1799 1006 1842 primum

77 1854 113 1884 et
129 1850 289 1884 iuvenum
303 1860 400 1884 curas
415 1855 448 1884 et
466 1850 570 1884 libem
587 1852 665 1884 vina
682 1852 813 1885 referre.

78 1901 266 1946 descriptas
281 1912 414 1936 servare
430 1903 519 1937 vices
535 1914 742 1947 operumque
758 1904 888 1938 colores

78 1964 139 1988 cnr
153 1964 218 1999 ego
233 1955 260 1988 si
278 1965 409 1998 nequeo
425 1955 609 1999 ignoroque
626 1962 725 2000 poeta
742 1957 866 1990 salutor
876 1958 891 1989 P

348 2026 392 2062 19
