1458 2315
276 737 893 784 EPISTULARUM.

415 874 545 903 LIBER
571 875 736 904 PRIMUS

65 980 94 1014 Ι.
207 981 338 1015 RIMA
353 982 444 1017 dicte
460 984 556 1023 mihi,
577 995 709 1017 summa
725 984 870 1017 dicende
887 994 1037 1024 camena,

228 1040 416 1078 spectatum
433 1037 514 1069 satis
531 1042 564 1069 et
580 1038 743 1069 donatum
762 1038 830 1069 iam
847 1038 930 1070 rude
947 1037 1092 1080 quaeris,

64 1087 258 1128 Maecenas,
278 1088 399 1121 iterum
415 1090 556 1131 antiquo
573 1100 627 1122 me
644 1089 816 1122 includere
832 1090 924 1123 ludo.

64 1150 135 1172 non
151 1140 271 1173 eadem
287 1145 339 1173 est
355 1146 459 1180 aetas,
479 1151 548 1173 non
566 1151 672 1173 mens,
724 1142 899 1182 Veianius,
915 1143 1018 1174 armis

65 1192 226 1226 Herculis
242 1193 287 1225 ad
303 1198 435 1235 postem
453 1193 537 1232 fixis,
558 1193 640 1226 latet
657 1193 794 1227 abditus
811 1205 904 1237 agr0,

63 1256 107 1279 ne
123 1244 289 1290 populum
306 1252 456 1279 extrema
472 1246 596 1278 totiens
610 1252 725 1278 exoret
740 1246 880 1279 harena.

63 1303 115 1332 est
131 1299 215 1331 mihi
230 1303 409 1342 purgatam
426 1299 544 1331 crebro
560 1299 617 1341 qui
634 1305 792 1341 personet
808 1310 935 1339 aurem,

69 1351 184 1385 ‘solve
201 1357 432 1385 senescentem
449 1356 580 1384 mature
597 1362 698 1384 sanus
714 1362 850 1394 equum,
871 1363 914 1385 ne

64 1410 183 1448 peccet
198 1405 241 1437 ad
259 1410 445 1438 extremum
462 1404 623 1437 ridendus
639 1409 672 1437 et
690 1404 747 1436 ilia
763 1403 889 1438 ducat.’

64 1468 154 1491 nunc
171 1458 286 1501 itaque
302 1463 335 1490 et
352 1467 467 1490 versus
483 1462 516 1489 et
533 1462 646 1489 cetera
662 1456 791 1489 ludicra
807 1468 920 1500 pono:
1077 1475 1110 1492 xo

64 1510 149 1554 quid
164 1521 281 1544 verum
297 1515 398 1553 atque
414 1510 537 1542 decens
553 1520 634 1542 curo
651 1514 683 1542 et
707 1520 790 1553 rogo
813 1515 847 1543 et
863 1510 973 1543 omnis
990 1511 1024 1544 in
1042 1511 1108 1545 hoc

200 1574 274 1596 sum
289 1576 297 1596 :

64 1616 177 1650 condo
193 1621 226 1649 et
242 1626 412 1659 compono
428 1626 515 1659 quae
531 1626 610 1648 mox
626 1615 826 1658 depromere
843 1617 984 1659 possim.

65 1680 106 1703 ac
121 1680 163 1702 ne
176 1669 262 1702 sorte
278 1680 375 1712 roges
391 1680 460 1712 quo
477 1679 530 1701 me
547 1668 643 1707 duce,
664 1679 732 1711 quo
749 1668 818 1701 lare
834 1674 922 1701 tuter
938 1681 948 1709 ;

64 1722 191 1756 nullius
207 1723 361 1755 addictus
375 1723 482 1755 iurare
500 1722 534 1753 in
551 1721 653 1753 verba
671 1721 833 1764 magistri,

65 1785 133 1819 quo
150 1786 204 1808 me
220 1786 364 1818 cumque
380 1775 468 1818 rapit
484 1779 679 1816 tempestas,
701 1774 834 1806 deseror
850 1773 987 1818 hospes.

64 1838 155 1861 nune
169 1828 268 1871 agilis
285 1827 328 1860 fio
345 1832 379 1860 et
395 1838 523 1860 mersor
539 1826 694 1859 civilibus
712 1827 822 1867 undis,

63 1881 199 1914 virtutis
215 1892 312 1914 verae
329 1885 441 1913 custos
458 1879 652 1922 rigidusque
669 1879 804 1912 satelles
819 1891 828 1918 ;

64 1943 154 1968 nunc
171 1935 205 1968 in
221 1934 391 1978 Aristippi
409 1933 523 1966 furtim
539 1938 720 1976 praecepta
736 1932 880 1972 relabor,
