1458 2315
115 120 180 157 v1.]

360 121 637 152 CARMJNUM
659 121 804 152 LIBER
832 122 898 151 Ill.
1119 131 1158 161 75

249 197 395 230 fecunda
411 197 532 241 culpae
548 197 682 230 saecula
698 197 835 240 nuptias

248 251 397 294 primum
414 251 635 293 inquinavere
652 255 685 283 et
701 262 808 293 genus
824 255 857 283 et
873 250 1013 283 domos:

293 303 360 336 hoc
377 303 470 336 sonte
487 304 640 336 derivata
657 304 770 336 clades

339 357 374 388 in
392 357 538 400 patriam
556 357 789 400 populumque
807 356 915 390 fluxit.
1126 370 1161 388 20

248 458 362 487 motus
377 454 492 487 doceri
508 455 633 497 gaudet
653 455 788 487 Ionicos

249 513 383 541 matura
399 508 494 551 virgo
510 512 544 540 et
562 508 699 550 fingitur
714 508 844 541 artibus

293 561 363 594 iam
379 572 469 593 nunc
486 566 519 594 et
537 561 683 594 incestos
699 565 832 594 amores

342 615 386 648 de
403 618 519 647 tenero
536 614 721 647 meditatur
735 615 860 657 ungui:

247 730 328 751 mox
344 718 491 751 iuniores
508 718 638 761 quaerit
655 718 826 752 adulteros

249 773 339 806 inter
354 772 468 805 mariti
483 772 574 811 vina,
595 782 705 815 neque
722 772 817 814 eligit

293 826 348 860 cui
365 826 469 859 donet
486 825 699 868 impermissa
715 826 841 868 raptim

336 879 462 921 gaudia
478 878 663 911 luminibus
680 879 830 919 remotis,

249 983 308 1016 sed
325 983 415 1015 iussa
432 993 546 1015 coram
562 993 631 1015 non
649 983 721 1015 sine
737 983 876 1016 conscio

248 1036 356 1078 surgit
371 1036 505 1074 marito,
526 1046 584 1068 seu
600 1041 699 1068 vocat
716 1036 851 1069 institor
1124 1052 1161 1080 30

293 1099 352 1122 seu
368 1088 464 1120 navis
482 1088 660 1131 Hispanae
677 1089 849 1131 magister,

338 1141 544 1174 dedecorum
561 1141 727 1183 pretiosus
744 1147 888 1184 emptor.

251 1255 320 1276 non
336 1243 390 1277 his
407 1244 561 1277 iuventus
579 1249 651 1277 orta
667 1245 864 1287 parentibus

252 1298 368 1331 infecit
387 1310 513 1342 aequor
530 1300 693 1342 sanguine
712 1300 851 1340 Punico,

299 1352 533 1394 Pyrrhumque
551 1357 582 1384 et
601 1353 773 1394 ingentem
790 1354 912 1386 cecidit

340 1405 551 1438 Antiochum
570 1406 871 1449 Hannibalemque
888 1407 1020 1449 dirum3

250 1508 311 1541 sed
328 1509 527 1541 rusticorum
544 1510 693 1541 mascula
709 1509 854 1542 militum

250 1562 373 1605 proles,
396 1562 540 1595 Sabellis
557 1563 657 1594 docta
673 1563 842 1605 ligonibus

296 1625 428 1648 versare
443 1615 580 1657 glaebas
597 1620 629 1647 et
646 1626 782 1648 severae

339 1668 456 1700 matris
474 1668 515 1700 ad
534 1668 708 1700 arbitrium
726 1669 848 1702 recisos
1123 1688 1157 1712 40

249 1775 384 1815 portare
403 1772 508 1811 fustis,
530 1772 580 1804 sol
598 1773 655 1805 ubi
673 1773 839 1805 montium

249 1829 396 1858 mutaret
414 1826 551 1857 umbras
568 1831 601 1858 et
618 1826 696 1868 iuga
713 1827 862 1860 demeret

296 1878 407 1910 bobus
424 1878 582 1921 fatigatis,
603 1880 750 1911 amicum

338 1935 472 1974 tempus
489 1942 592 1974 agens
610 1932 755 1965 abeunte
772 1944 878 1966 curru.
