1458 2315
125 161 190 203 η]
381 162 440 193 SA
450 161 682 193 TJRARUM
701 160 846 191 LIBER
872 160 900 190 J.
1106 167 1163 196 173

124 238 237 271 ebrius
254 242 297 277 et,
314 248 476 280 magnum
492 237 584 280 quod
600 236 758 275 dedecus,
779 234 930 267 ambulet
948 238 1027 265 ante

125 296 262 324 noctem
278 302 357 324 cum
373 289 526 323 facibus)
574 289 740 332 numquid
759 287 968 331 Pomponius
983 286 1056 319 istis

125 345 258 376 audiret
275 344 413 382 leviora,
433 348 530 386 pater
547 343 574 374 si
593 343 746 374 viveret?
769 351 849 383 ergo

126 408 196 429 non
213 397 293 429 satis
309 402 359 429 est
375 397 469 439 puris
485 406 618 428 versum
636 394 842 438 perscribere
861 393 981 432 verbis,

127 461 229 493 quem
247 450 275 482 si
291 450 468 489 dissolvas,
489 449 599 492 quivis
616 448 845 481 stomachetur
861 447 984 479 eodem

128 513 198 545 quo
213 508 415 546 personatus
432 507 534 545 pacto
550 506 656 544 pater.
708 501 771 539 his,
790 508 853 542 ego
875 510 961 543 quae
977 509 1077 537 nunc,

128 555 210 588 olim
227 566 314 598 quae
331 555 463 598 scripsit
483 554 644 594 Lucilius,
665 553 789 596 eripias
807 553 835 585 si

128 612 285 651 tempora
305 613 396 640 certa
419 607 620 650 modosque,
647 611 679 639 ct
703 606 794 649 quod
825 606 916 648 prius
946 605 1064 637 ordine
1093 615 1164 637 ver-

259 661 342 692 bum
354 665 404 693 est

127 713 297 756 posten'us
314 713 427 752 facias,
447 723 662 755 praeponens
679 711 799 743 ultima
815 710 944 753 primis,

127 777 208 805 non,
228 771 265 798 ut
281 766 308 798 si
325 766 437 798 solvas
457 767 466 781 ‘
478 770 660 808 postquam
678 764 861 796 Discordia
876 768 984 796 taetra
1132 769 1167 795 60

127 819 209 852 belli
226 819 365 852 serratos
380 819 486 862 postis
503 824 684 860 portasque
701 815 862 859 refregit‚'

128 872 281 904 invenias
297 872 401 904 etiam
417 871 550 903 disiecti
568 871 721 903 membra
738 875 870 912 poetae.

130 924 294 957 hactenus
309 925 394 957 haec
413 936 420 956 :
444 924 527 956 alias
543 924 668 956 iustum
686 924 728 955 sit
747 933 852 954 necne
869 932 1004 964 poema,

131 988 222 1010 nunc
238 978 324 1010 illud
341 982 472 1009 tantum
489 987 660 1020 quaeram,
682 976 848 1008 meritone
864 975 925 1007 tibi
943 975 986 1007 sit

129 1036 321 1073 suspectum
334 1041 440 1072 genus
455 1029 521 1062 hoc
537 1029 718 1061 scribendi.
770 1028 905 1061 Sulcius
922 1038 999 1060 acer

83 1080 86 1084 ’
130 1083 282 1115 ambulat
298 1088 331 1115 et
348 1082 503 1124 Caprius,
523 1082 614 1114 rauci
631 1081 719 1113 male
736 1091 882 1123 cumque
898 1080 1034 1118 libellis,

130 1145 273 1178 magnus
290 1140 430 1178 uterque
447 1135 549 1166 timor
564 1134 752 1166 latronibus
768 1146 775 1165 :
800 1139 834 1165 at
852 1133 939 1165 bene
956 1133 983 1164 si
1000 1132 1075 1175 quis

132 1192 166 1220 et
181 1188 272 1220 vivat
289 1188 382 1230 puris
397 1187 564 1225 manibus,
587 1191 781 1218 contemnat
799 1191 988 1227 utrumque.

130 1244 168 1271 ut
185 1239 229 1272 sis
245 1244 281 1272 tu
294 1239 412 1271 similis
431 1239 528 1271 Caeli
547 1239 701 1280 Birrique
719 1238 899 1276 latronum,

131 1303 200 1325 non
217 1303 281 1335 ego
297 1293 360 1324 sim
379 1291 482 1335 Capri
500 1301 609 1334 neque
629 1291 720 1323 Sulci
735 1303 742 1321 ε
770 1301 828 1322 cur
845 1295 974 1321 metuas
991 1290 1072 1322 me?
1133 1305 1167 1329 70

131 1345 226 1377 nulla
242 1345 381 1377 taberna
397 1355 489 1376 meos
507 1344 630 1376 habeat
648 1354 757 1385 neque
770 1343 840 1384 pila
857 1342 1001 1381 libellos,

131 1398 208 1440 quis
224 1408 343 1430 manus
359 1398 491 1430 insudet
507 1396 599 1439 volgi
620 1395 916 1437 Hermogenisque
933 1395 1058 1437 Tigelli

131 1461 195 1484 nec
212 1451 316 1483 recito
331 1451 489 1493 cuiquam
506 1450 570 1481 nisi
588 1449 715 1486 amicis,
738 1448 839 1490 idque
857 1453 1004 1486 coactus,

132 1514 202 1535 non
218 1504 327 1536 ubivis
344 1514 500 1536 coramve
517 1502 732 1545 quibuslibet.
784 1501 818 1532 in
836 1500 949 1532 medio
965 1500 1023 1542 qui

131 1556 255 1599 scripta
272 1556 344 1588 soro
361 1556 502 1588 recitent
521 1560 597 1587 sunt
615 1554 711 1586 multi
727 1553 849 1596 quique
867 1553 1016 1585 lavantes
1030 1565 1038 1584 ε

132 1619 235 1641 suave
258 1610 351 1641 locus
369 1609 442 1640 voci
461 1613 594 1640 resonat
613 1607 800 1639 conclusus.
851 1606 960 1637 inanis

135 1661 199 1694 hoc
217 1662 320 1701 iuvat,
342 1662 433 1693 haud
451 1661 534 1692 illud
551 1659 752 1702 quaerentis,
775 1669 855 1690 num
873 1659 944 1690 sine
960 1668 1069 1697 sensu,

132 1719 286 1757 tempore
303 1725 384 1746 num
400 1714 521 1746 saciant
537 1713 658 1744 alieno.
713 1711 867 1744 ‘laedere
884 1711 1010 1753 gaudes
1023 1709 1030 1723 ⁷

133 1766 252 1809 inquit,
279 1768 288 1783 ‘
301 1772 333 1799 et
350 1767 415 1799 hoc
431 1766 544 1798 studio
562 1775 683 1808 pravus
702 1763 808 1796 sacis.'
854 1764 943 1796 unde
961 1763 1104 1806 petitum

132 1819 196 1852 hoc
213 1820 247 1852 in
265 1831 319 1852 me
335 1819 415 1851 iacis
427 1819 442 1850 Ρ
466 1824 515 1851 est
533 1823 648 1850 auctor
662 1817 735 1860 quis
752 1816 898 1859 (lenique
915 1827 1031 1849 eorum
1132 1823 1166 1849 80

132 1872 200 1904 vixi
218 1883 294 1904 curn
310 1873 434 1915 quibus
447 1872 462 1903 ?
485 1871 659 1902 absentem
677 1869 733 1913 qui
752 1869 840 1901 rodit
857 1869 1015 1908 amicum,

131 1925 190 1967 qui
206 1935 276 1957 non
293 1924 442 1957 defendit
461 1924 527 1955 alio
545 1923 714 1965 culpante,
733 1922 863 1955 solutos

132 1977 189 2019 qui
207 1982 318 2021 captat
330 1977 414 2010 risus
431 1976 607 2009 hominum
626 1975 815 2018 famamque
833 1975 966 2014 dicacis,
