<?xml version="1.0" encoding="UTF-8"?>
<!DOCTYPE html PUBLIC "-//W3C//DTD XHTML 1.0 Transitional//EN"
    "http://www.w3.org/TR/xhtml1/DTD/xhtml1-transitional.dtd">
<html xmlns="http://www.w3.org/1999/xhtml" xml:lang="en" lang="en">
 <head>
  <title>
</title>
<meta http-equiv="Content-Type" content="text/html;charset=utf-8" />
  <meta name='ocr-system' content='tesseract 3.04.00' />
  <meta name='ocr-capabilities' content='ocr_page ocr_carea ocr_par ocr_line ocrx_word'/>
</head>
<body>
  <div class='ocr_page' id='page_1' title='image "./operacornish00horauoft_0083.png"; bbox 0 0 1458 2315; ppageno 0'>
   <div class='ocr_carea' id='block_1_1' title="bbox 98 113 176 155">
    <p class='ocr_par' dir='ltr' id='par_1_1' title="bbox 98 113 176 155">
     <span class='ocr_line' id='line_1_1' title="bbox 98 113 176 155; baseline 0.051 -14"><span class='ocrx_word' id='word_1_1' title='bbox 98 113 176 155; x_wconf 85' lang='lat'>111.]</span> 
     </span>
    </p>
   </div>
   <div class='ocr_carea' id='block_1_2' title="bbox 355 114 1156 156">
    <p class='ocr_par' dir='ltr' id='par_1_2' title="bbox 355 114 1156 156">
     <span class='ocr_line' id='line_1_2' title="bbox 355 114 1156 156; baseline 0.004 -12"><span class='ocrx_word' id='word_1_2' title='bbox 355 115 382 145; x_wconf 92' lang='lat' dir='ltr'><em>C</em></span> <span class='ocrx_word' id='word_1_3' title='bbox 381 114 633 144; x_wconf 81' lang='lat' dir='ltr'><em>ARMINUM</em></span> <span class='ocrx_word' id='word_1_4' title='bbox 655 114 800 144; x_wconf 86' lang='lat' dir='ltr'><em>LIBER</em></span> <span class='ocrx_word' id='word_1_5' title='bbox 828 115 895 146; x_wconf 88' lang='lat' dir='ltr'><em>Ill.</em></span> <span class='ocrx_word' id='word_1_6' title='bbox 1115 118 1156 156; x_wconf 90' lang='lat'>67</span> 
     </span>
    </p>
   </div>
   <div class='ocr_carea' id='block_1_3' title="bbox 281 189 989 394">
    <p class='ocr_par' dir='ltr' id='par_1_3' title="bbox 281 189 989 394">
     <span class='ocr_line' id='line_1_3' title="bbox 281 189 989 233; baseline 0.003 -11"><span class='ocrx_word' id='word_1_7' title='bbox 281 190 345 223; x_wconf 91' lang='lat' dir='ltr'>hac</span> <span class='ocrx_word' id='word_1_8' title='bbox 361 194 395 223; x_wconf 89' lang='lat' dir='ltr'>te</span> <span class='ocrx_word' id='word_1_9' title='bbox 410 193 610 230; x_wconf 84' lang='lat' dir='ltr'>merentem,</span> <span class='ocrx_word' id='word_1_10' title='bbox 631 189 766 223; x_wconf 88' lang='lat' dir='ltr'>Bacche</span> <span class='ocrx_word' id='word_1_11' title='bbox 782 195 890 233; x_wconf 87' lang='lat' dir='ltr'>pater,</span> <span class='ocrx_word' id='word_1_12' title='bbox 912 196 989 224; x_wconf 89' lang='lat' dir='ltr'>tuae</span> 
     </span>
     <span class='ocr_line' id='line_1_4' title="bbox 281 243 828 286; baseline -0.002 -10"><span class='ocrx_word' id='word_1_13' title='bbox 281 255 404 276; x_wconf 86' lang='lat' dir='ltr'>vexere</span> <span class='ocrx_word' id='word_1_14' title='bbox 420 243 533 285; x_wconf 85' lang='lat' dir='ltr'><strong>tigres,</strong></span> <span class='ocrx_word' id='word_1_15' title='bbox 553 243 694 276; x_wconf 85' lang='lat' dir='ltr'>indocili</span> <span class='ocrx_word' id='word_1_16' title='bbox 710 243 828 286; x_wconf 88' lang='lat' dir='ltr'>iugum</span> 
     </span>
     <span class='ocr_line' id='line_1_5' title="bbox 327 296 886 338; baseline 0 -9"><span class='ocrx_word' id='word_1_17' title='bbox 327 296 416 330; x_wconf 91' lang='lat' dir='ltr'>collo</span> <span class='ocrx_word' id='word_1_18' title='bbox 432 296 603 329; x_wconf 89' lang='lat' dir='ltr'>trahentes</span> <span class='ocrx_word' id='word_1_19' title='bbox 613 307 623 336; x_wconf 81' lang='lat'><em>3</em></span> <span class='ocrx_word' id='word_1_20' title='bbox 642 296 707 329; x_wconf 86' lang='lat' dir='ltr'>hac</span> <span class='ocrx_word' id='word_1_21' title='bbox 724 296 886 338; x_wconf 86' lang='lat' dir='ltr'><strong>Quirinus</strong></span> 
     </span>
     <span class='ocr_line' id='line_1_6' title="bbox 372 350 943 394; baseline 0.002 -12"><span class='ocrx_word' id='word_1_22' title='bbox 372 350 495 382; x_wconf 86' lang='lat' dir='ltr'>Martis</span> <span class='ocrx_word' id='word_1_23' title='bbox 511 350 606 393; x_wconf 89' lang='lat' dir='ltr'>equis</span> <span class='ocrx_word' id='word_1_24' title='bbox 624 350 821 384; x_wconf 80' lang='lat' dir='ltr'><strong>Acheronta</strong></span> <span class='ocrx_word' id='word_1_25' title='bbox 833 350 918 394; x_wconf 85' lang='lat' dir='ltr'>fugit</span> <span class='ocrx_word' id='word_1_26' title='bbox 932 361 943 391; x_wconf 73' lang='grc' dir='ltr'><strong><em>ς</em></strong></span> 
     </span>
    </p>
   </div>
   <div class='ocr_carea' id='block_1_4' title="bbox 283 455 1160 660">
    <p class='ocr_par' dir='ltr' id='par_1_4' title="bbox 283 455 1160 660">
     <span class='ocr_line' id='line_1_7' title="bbox 283 455 841 499; baseline 0 -11"><span class='ocrx_word' id='word_1_27' title='bbox 283 459 419 499; x_wconf 84' lang='lat' dir='ltr'>gratum</span> <span class='ocrx_word' id='word_1_28' title='bbox 434 455 567 489; x_wconf 86' lang='lat' dir='ltr'>elocuta</span> <span class='ocrx_word' id='word_1_29' title='bbox 583 455 841 488; x_wconf 78' lang='lat' dir='ltr'>consiliantibus</span> 
     </span>
     <span class='ocr_line' id='line_1_8' title="bbox 286 508 829 548; baseline 0.002 -7"><span class='ocrx_word' id='word_1_30' title='bbox 286 509 421 542; x_wconf 90' lang='lat' dir='ltr'>Iunone</span> <span class='ocrx_word' id='word_1_31' title='bbox 437 508 525 542; x_wconf 90' lang='lat' dir='ltr'>divis</span> <span class='ocrx_word' id='word_1_32' title='bbox 542 520 550 541; x_wconf 75' lang='lat' dir='ltr'><strong><em>z</em></strong></span> <span class='ocrx_word' id='word_1_33' title='bbox 595 509 716 548; x_wconf 90' lang='lat' dir='ltr'>‘Ilion,</span> <span class='ocrx_word' id='word_1_34' title='bbox 738 509 829 542; x_wconf 91' lang='lat' dir='ltr'>Ilion</span> 
     </span>
     <span class='ocr_line' id='line_1_9' title="bbox 329 564 793 607; baseline -0.002 -9"><span class='ocrx_word' id='word_1_35' title='bbox 329 564 442 598; x_wconf 84' lang='lat' dir='ltr'>fatalis</span> <span class='ocrx_word' id='word_1_36' title='bbox 458 565 674 607; x_wconf 81' lang='lat' dir='ltr'>incestusque</span> <span class='ocrx_word' id='word_1_37' title='bbox 691 564 793 597; x_wconf 86' lang='lat' dir='ltr'>iudex</span> 
     </span>
     <span class='ocr_line' id='line_1_10' title="bbox 375 617 1160 660; baseline 0.003 -11"><span class='ocrx_word' id='word_1_38' title='bbox 375 622 408 650; x_wconf 89' lang='lat' dir='ltr'>et</span> <span class='ocrx_word' id='word_1_39' title='bbox 426 617 549 650; x_wconf 87' lang='lat' dir='ltr'>mulier</span> <span class='ocrx_word' id='word_1_40' title='bbox 564 617 744 660; x_wconf 87' lang='lat' dir='ltr'>peregrina</span> <span class='ocrx_word' id='word_1_41' title='bbox 760 617 861 650; x_wconf 88' lang='lat' dir='ltr'>vertit</span> <span class='ocrx_word' id='word_1_42' title='bbox 1124 633 1160 651; x_wconf 87' lang='lat'>20</span> 
     </span>
    </p>
   </div>
   <div class='ocr_carea' id='block_1_5' title="bbox 284 721 992 926">
    <p class='ocr_par' dir='ltr' id='par_1_5' title="bbox 284 721 992 926">
     <span class='ocr_line' id='line_1_11' title="bbox 286 721 941 766; baseline 0.002 -12"><span class='ocrx_word' id='word_1_43' title='bbox 286 721 322 754; x_wconf 88' lang='lat' dir='ltr'>in</span> <span class='ocrx_word' id='word_1_44' title='bbox 337 721 524 766; x_wconf 89' lang='lat' dir='ltr'>pulverem,</span> <span class='ocrx_word' id='word_1_45' title='bbox 546 732 588 754; x_wconf 84' lang='lat' dir='ltr'>ex</span> <span class='ocrx_word' id='word_1_46' title='bbox 605 732 672 764; x_wconf 92' lang='lat' dir='ltr'>quo</span> <span class='ocrx_word' id='word_1_47' title='bbox 690 722 841 754; x_wconf 82' lang='lat' dir='ltr'>destituit</span> <span class='ocrx_word' id='word_1_48' title='bbox 858 722 941 755; x_wconf 89' lang='lat' dir='ltr'>deos</span> 
     </span>
     <span class='ocr_line' id='line_1_12' title="bbox 284 775 894 818; baseline -0.002 -10"><span class='ocrx_word' id='word_1_49' title='bbox 284 775 442 809; x_wconf 81' lang='lat' dir='ltr'><strong>mercede</strong></span> <span class='ocrx_word' id='word_1_50' title='bbox 458 778 560 818; x_wconf 87' lang='lat' dir='ltr'>pacta</span> <span class='ocrx_word' id='word_1_51' title='bbox 576 775 788 815; x_wconf 88' lang='lat' dir='ltr'>Laomedon,</span> <span class='ocrx_word' id='word_1_52' title='bbox 809 775 894 807; x_wconf 90' lang='lat' dir='ltr'>mihi</span> 
     </span>
     <span class='ocr_line' id='line_1_13' title="bbox 330 827 921 871; baseline -0.002 -10"><span class='ocrx_word' id='word_1_53' title='bbox 330 833 509 871; x_wconf 81' lang='lat' dir='ltr'>castaeque</span> <span class='ocrx_word' id='word_1_54' title='bbox 526 827 726 860; x_wconf 88' lang='lat' dir='ltr'>damnatum</span> <span class='ocrx_word' id='word_1_55' title='bbox 743 828 921 861; x_wconf 81' lang='lat' dir='ltr'>Minervae</span> 
     </span>
     <span class='ocr_line' id='line_1_14' title="bbox 374 882 992 926; baseline 0 -10"><span class='ocrx_word' id='word_1_56' title='bbox 374 893 453 916; x_wconf 91' lang='lat' dir='ltr'>cum</span> <span class='ocrx_word' id='word_1_57' title='bbox 469 882 599 926; x_wconf 90' lang='lat' dir='ltr'>populo</span> <span class='ocrx_word' id='word_1_58' title='bbox 613 887 645 915; x_wconf 91' lang='lat' dir='ltr'>et</span> <span class='ocrx_word' id='word_1_59' title='bbox 662 882 747 915; x_wconf 88' lang='lat' dir='ltr'>duce</span> <span class='ocrx_word' id='word_1_60' title='bbox 764 882 992 917; x_wconf 84' lang='lat' dir='ltr'>fraudulento.</span> 
     </span>
    </p>
   </div>
   <div class='ocr_carea' id='block_1_6' title="bbox 285 987 990 1190">
    <p class='ocr_par' dir='ltr' id='par_1_6' title="bbox 285 987 990 1190">
     <span class='ocr_line' id='line_1_15' title="bbox 285 987 990 1031; baseline 0.001 -11"><span class='ocrx_word' id='word_1_61' title='bbox 285 987 356 1020; x_wconf 87' lang='lat' dir='ltr'>iarn</span> <span class='ocrx_word' id='word_1_62' title='bbox 371 998 433 1020; x_wconf 91' lang='lat' dir='ltr'>nec</span> <span class='ocrx_word' id='word_1_63' title='bbox 449 987 626 1020; x_wconf 84' lang='lat' dir='ltr'>Lacaenae</span> <span class='ocrx_word' id='word_1_64' title='bbox 643 987 799 1031; x_wconf 80' lang='lat' dir='ltr'>splendet</span> <span class='ocrx_word' id='word_1_65' title='bbox 816 987 990 1022; x_wconf 83' lang='lat' dir='ltr'>adulterae</span> 
     </span>
     <span class='ocr_line' id='line_1_16' title="bbox 287 1040 955 1084; baseline 0 -10"><span class='ocrx_word' id='word_1_66' title='bbox 287 1041 436 1074; x_wconf 86' lang='lat' dir='ltr'>famosus</span> <span class='ocrx_word' id='word_1_67' title='bbox 452 1040 587 1084; x_wconf 88' lang='lat' dir='ltr'>hospes,</span> <span class='ocrx_word' id='word_1_68' title='bbox 607 1051 670 1073; x_wconf 92' lang='lat' dir='ltr'>nec</span> <span class='ocrx_word' id='word_1_69' title='bbox 688 1041 816 1073; x_wconf 86' lang='lat' dir='ltr'>Priami</span> <span class='ocrx_word' id='word_1_70' title='bbox 832 1041 955 1074; x_wconf 91' lang='lat' dir='ltr'>domus</span> 
     </span>
     <span class='ocr_line' id='line_1_17' title="bbox 331 1093 824 1138; baseline 0 -12"><span class='ocrx_word' id='word_1_71' title='bbox 331 1094 467 1138; x_wconf 86' lang='lat' dir='ltr'>periura</span> <span class='ocrx_word' id='word_1_72' title='bbox 482 1104 654 1137; x_wconf 84' lang='lat' dir='ltr'>pugnaces</span> <span class='ocrx_word' id='word_1_73' title='bbox 671 1093 824 1127; x_wconf 87' lang='lat' dir='ltr'>Achivos</span> 
     </span>
     <span class='ocr_line' id='line_1_18' title="bbox 379 1146 880 1190; baseline 0 -12"><span class='ocrx_word' id='word_1_74' title='bbox 379 1146 560 1180; x_wconf 85' lang='lat' dir='ltr'>Hectoreis</span> <span class='ocrx_word' id='word_1_75' title='bbox 577 1146 698 1189; x_wconf 84' lang='lat' dir='ltr'>opibus</span> <span class='ocrx_word' id='word_1_76' title='bbox 717 1146 880 1190; x_wconf 85' lang='lat' dir='ltr'>refringit,</span> 
     </span>
    </p>
   </div>
   <div class='ocr_carea' id='block_1_7' title="bbox 289 1249 1163 1452">
    <p class='ocr_par' dir='ltr' id='par_1_7' title="bbox 289 1249 1163 1452">
     <span class='ocr_line' id='line_1_19' title="bbox 290 1249 881 1293; baseline -0.002 -10"><span class='ocrx_word' id='word_1_77' title='bbox 290 1249 482 1293; x_wconf 87' lang='lat' dir='ltr'>nostrisque</span> <span class='ocrx_word' id='word_1_78' title='bbox 498 1250 639 1282; x_wconf 90' lang='lat' dir='ltr'>ductum</span> <span class='ocrx_word' id='word_1_79' title='bbox 656 1250 881 1283; x_wconf 89' lang='lat' dir='ltr'>seditionibus</span> 
     </span>
     <span class='ocr_line' id='line_1_20' title="bbox 289 1303 1163 1347; baseline -0.001 -10"><span class='ocrx_word' id='word_1_80' title='bbox 289 1303 418 1337; x_wconf 87' lang='lat' dir='ltr'>bellum</span> <span class='ocrx_word' id='word_1_81' title='bbox 434 1303 557 1336; x_wconf 84' lang='lat' dir='ltr'>resedit</span> <span class='ocrx_word' id='word_1_82' title='bbox 572 1315 579 1335; x_wconf 94' lang='lat'><strong>:</strong></span> <span class='ocrx_word' id='word_1_83' title='bbox 603 1303 758 1346; x_wconf 86' lang='lat' dir='ltr'>protinus</span> <span class='ocrx_word' id='word_1_84' title='bbox 774 1308 807 1337; x_wconf 91' lang='lat' dir='ltr'>et</span> <span class='ocrx_word' id='word_1_85' title='bbox 823 1303 935 1347; x_wconf 83' lang='lat' dir='ltr'>gravis</span> <span class='ocrx_word' id='word_1_86' title='bbox 1126 1318 1163 1346; x_wconf 84' lang='lat'>30</span> 
     </span>
     <span class='ocr_line' id='line_1_21' title="bbox 334 1356 794 1399; baseline 0 -11"><span class='ocrx_word' id='word_1_87' title='bbox 334 1356 402 1389; x_wconf 88' lang='lat' dir='ltr'>iras</span> <span class='ocrx_word' id='word_1_88' title='bbox 418 1360 452 1389; x_wconf 87' lang='lat' dir='ltr'>et</span> <span class='ocrx_word' id='word_1_89' title='bbox 469 1356 616 1388; x_wconf 90' lang='lat' dir='ltr'>invisum</span> <span class='ocrx_word' id='word_1_90' title='bbox 633 1360 794 1399; x_wconf 85' lang='lat' dir='ltr'>nepotem</span> 
     </span>
     <span class='ocr_line' id='line_1_22' title="bbox 379 1409 942 1452; baseline 0.004 -11"><span class='ocrx_word' id='word_1_91' title='bbox 379 1409 504 1441; x_wconf 89' lang='lat' dir='ltr'>Troica</span> <span class='ocrx_word' id='word_1_92' title='bbox 520 1419 620 1452; x_wconf 88' lang='lat' dir='ltr'>quem</span> <span class='ocrx_word' id='word_1_93' title='bbox 637 1409 769 1452; x_wconf 87' lang='lat' dir='ltr'>peperit</span> <span class='ocrx_word' id='word_1_94' title='bbox 785 1409 942 1443; x_wconf 88' lang='lat' dir='ltr'>sacerdos</span> 
     </span>
    </p>
   </div>
   <div class='ocr_carea' id='block_1_8' title="bbox 292 1512 970 1715">
    <p class='ocr_par' dir='ltr' id='par_1_8' title="bbox 292 1512 970 1715">
     <span class='ocr_line' id='line_1_23' title="bbox 292 1512 970 1556; baseline 0.003 -10"><span class='ocrx_word' id='word_1_95' title='bbox 292 1513 398 1546; x_wconf 87' lang='lat' dir='ltr'>Marti</span> <span class='ocrx_word' id='word_1_96' title='bbox 413 1512 598 1546; x_wconf 85' lang='lat' dir='ltr'>redonabo.</span> <span class='ocrx_word' id='word_1_97' title='bbox 648 1513 745 1545; x_wconf 87' lang='lat' dir='ltr'>illum</span> <span class='ocrx_word' id='word_1_98' title='bbox 761 1524 824 1556; x_wconf 88' lang='lat' dir='ltr'>ego</span> <span class='ocrx_word' id='word_1_99' title='bbox 840 1513 970 1548; x_wconf 89' lang='lat' dir='ltr'>lucidas</span> 
     </span>
     <span class='ocr_line' id='line_1_24' title="bbox 293 1566 809 1606; baseline 0 -7"><span class='ocrx_word' id='word_1_100' title='bbox 293 1566 379 1600; x_wconf 91' lang='lat' dir='ltr'>inire</span> <span class='ocrx_word' id='word_1_101' title='bbox 397 1567 504 1606; x_wconf 89' lang='lat' dir='ltr'>sedes,</span> <span class='ocrx_word' id='word_1_102' title='bbox 525 1567 648 1599; x_wconf 86' lang='lat' dir='ltr'>ducere</span> <span class='ocrx_word' id='word_1_103' title='bbox 665 1566 809 1599; x_wconf 82' lang='lat' dir='ltr'>nectaris</span> 
     </span>
     <span class='ocr_line' id='line_1_25' title="bbox 338 1619 793 1662; baseline 0 -10"><span class='ocrx_word' id='word_1_104' title='bbox 338 1630 437 1653; x_wconf 89' lang='lat' dir='ltr'>sucos</span> <span class='ocrx_word' id='word_1_105' title='bbox 454 1625 488 1652; x_wconf 90' lang='lat' dir='ltr'>et</span> <span class='ocrx_word' id='word_1_106' title='bbox 504 1619 652 1652; x_wconf 82' lang='lat' dir='ltr'>adscribi</span> <span class='ocrx_word' id='word_1_107' title='bbox 670 1619 793 1662; x_wconf 90' lang='lat' dir='ltr'>quietis</span> 
     </span>
     <span class='ocr_line' id='line_1_26' title="bbox 383 1672 856 1715; baseline 0 -11"><span class='ocrx_word' id='word_1_108' title='bbox 383 1672 560 1705; x_wconf 89' lang='lat' dir='ltr'>ordinibus</span> <span class='ocrx_word' id='word_1_109' title='bbox 576 1672 686 1715; x_wconf 83' lang='lat' dir='ltr'>patiar</span> <span class='ocrx_word' id='word_1_110' title='bbox 703 1672 856 1705; x_wconf 90' lang='lat' dir='ltr'>deorum.</span> 
     </span>
    </p>
   </div>
   <div class='ocr_carea' id='block_1_9' title="bbox 295 1775 875 1819">
    <p class='ocr_par' dir='ltr' id='par_1_9' title="bbox 295 1775 875 1819">
     <span class='ocr_line' id='line_1_27' title="bbox 295 1775 875 1819; baseline 0.002 -11"><span class='ocrx_word' id='word_1_111' title='bbox 295 1775 377 1808; x_wconf 92' lang='lat' dir='ltr'>dum</span> <span class='ocrx_word' id='word_1_112' title='bbox 393 1775 516 1819; x_wconf 88' lang='lat' dir='ltr'>longus</span> <span class='ocrx_word' id='word_1_113' title='bbox 533 1776 621 1809; x_wconf 89' lang='lat' dir='ltr'>inter</span> <span class='ocrx_word' id='word_1_114' title='bbox 637 1776 765 1809; x_wconf 85' lang='lat' dir='ltr'>saeviat</span> <span class='ocrx_word' id='word_1_115' title='bbox 782 1776 875 1809; x_wconf 87' lang='lat' dir='ltr'>Ilion</span> 
     </span>
    </p>
   </div>
   <div class='ocr_carea' id='block_1_10' title="bbox 296 1829 1169 1979">
    <p class='ocr_par' dir='ltr' id='par_1_10' title="bbox 296 1829 1169 1979">
     <span class='ocr_line' id='line_1_28' title="bbox 296 1829 983 1872; baseline 0.004 -11"><span class='ocrx_word' id='word_1_116' title='bbox 296 1829 513 1872; x_wconf 87' lang='lat' dir='ltr'>Romamque</span> <span class='ocrx_word' id='word_1_117' title='bbox 526 1832 661 1872; x_wconf 87' lang='lat' dir='ltr'>pontus,</span> <span class='ocrx_word' id='word_1_118' title='bbox 683 1829 835 1872; x_wconf 87' lang='lat' dir='ltr'>qualibet</span> <span class='ocrx_word' id='word_1_119' title='bbox 851 1830 983 1864; x_wconf 83' lang='lat' dir='ltr'>exsules</span> 
     </span>
     <span class='ocr_line' id='line_1_29' title="bbox 340 1882 805 1925; baseline 0 -11"><span class='ocrx_word' id='word_1_120' title='bbox 340 1882 376 1914; x_wconf 91' lang='lat' dir='ltr'>in</span> <span class='ocrx_word' id='word_1_121' title='bbox 393 1886 491 1925; x_wconf 88' lang='lat' dir='ltr'>parte</span> <span class='ocrx_word' id='word_1_122' title='bbox 506 1885 672 1924; x_wconf 86' lang='lat' dir='ltr'>regnanto</span> <span class='ocrx_word' id='word_1_123' title='bbox 688 1882 780 1914; x_wconf 90' lang='lat' dir='ltr'>beati</span> <span class='ocrx_word' id='word_1_124' title='bbox 794 1894 805 1923; x_wconf 85' lang='lat'>;</span> 
     </span>
     <span class='ocr_line' id='line_1_30' title="bbox 389 1935 1169 1979; baseline 0.005 -12"><span class='ocrx_word' id='word_1_125' title='bbox 389 1935 472 1968; x_wconf 89' lang='lat' dir='ltr'>dum</span> <span class='ocrx_word' id='word_1_126' title='bbox 490 1935 617 1968; x_wconf 89' lang='lat' dir='ltr'>Priami</span> <span class='ocrx_word' id='word_1_127' title='bbox 635 1935 833 1979; x_wconf 85' lang='lat' dir='ltr'>Paridisque</span> <span class='ocrx_word' id='word_1_128' title='bbox 850 1936 951 1970; x_wconf 90' lang='lat' dir='ltr'>busto</span> <span class='ocrx_word' id='word_1_129' title='bbox 1135 1953 1169 1978; x_wconf 87' lang='lat'>40</span> 
     </span>
    </p>
   </div>
  </div>
 </body>
</html>
