1458 2315
145 127 212 170 VL]
376 130 738 161 EPISTULARUM
760 130 905 161 LIBER
932 132 959 162 I.
1127 141 1188 172 239

145 205 174 239 si
190 208 304 250 posset
320 208 458 238 centum
474 215 618 238 scaenae
634 205 796 248 praebere
813 211 959 249 rogatus,

148 259 227 302 ‘qui
243 268 381 302 possum
398 257 492 290 tot?'
515 258 563 290 ait
580 269 587 291 z
615 259 749 291 ‘tamen
766 264 800 291 et
815 270 977 303 quaeram
994 265 1027 293 et
1043 265 1127 304 quot

277 311 414 343 habebo

143 363 302 398 mittam.’
350 369 427 406 post
444 363 562 407 paullo
578 365 693 397 scribit
710 365 774 397 sibi
792 366 886 398 milia
903 367 1053 410 quinque

142 429 215 451 esse
232 417 326 450 domi
343 417 563 459 chlamydum
579 430 589 458 ;
612 425 743 461 partem
759 419 812 451 vel
832 419 963 452 tolleret
981 421 1104 454 omnis.

140 472 238 505 exilis
253 472 374 504 domus
390 475 451 510 est,
471 471 530 503 ubi
546 481 615 504 non
631 476 664 503 et
681 471 788 503 multa
804 477 983 514 supersunt

140 531 175 558 et
191 525 368 558 dominum
384 525 504 556 fallunt
521 529 554 557 et
570 530 708 567 prosunt
725 523 862 558 furibus.
913 536 994 569 ergo

141 579 170 610 si
186 589 238 610 res
254 577 327 610 sola
343 582 454 620 potest
473 576 581 609 facere
598 582 631 609 et
648 587 780 609 servare
798 577 945 618 beatum,

141 631 207 664 hoc
223 631 352 674 primus
365 635 496 673 repetas
513 640 610 672 opus,
631 630 696 662 hoc
714 636 904 672 postremus
921 632 1071 667 omittas.

140 684 169 718 si
186 685 395 716 fortunatum
411 683 540 725 species
557 687 591 715 et
607 683 716 725 gratia
733 690 892 725 praestat,

140 747 327 770 mercemur
343 746 476 768 servum
493 736 550 778 qui
567 736 672 767 dictet
691 737 840 776 nomina,
861 738 996 771 laevum
1153 754 1188 779 50

138 790 196 833 qui
213 789 338 822 fodicet
354 789 442 821 latus
458 793 492 821 et
507 794 606 831 cogat
625 794 717 820 trans
735 789 887 832 pondera
904 792 1056 824 dextram

139 843 309 886 porrigere
326 855 334 874 ι
363 841 437 874 ‘hic
453 841 598 874 multum
616 841 650 873 in
670 842 778 875 Fabia
794 843 894 883 valet,
916 844 973 877 ille
991 845 1114 878 Velina
1128 856 1141 886 ;

138 896 286 929 cuilibet
302 895 357 928 hic
374 895 472 927 fascis
488 895 583 927 dabit
601 894 788 939 eripietque
805 897 919 930 curule

138 949 191 982 cui
207 949 298 981 volet
314 949 526 991 importunus
543 947 650 982 ebur.'
698 949 810 989 frater,
832 957 927 992 pater
943 951 1030 984 adde
1046 963 1057 992 3

106 1045 111 1049 .
137 1008 174 1036 ut
189 1002 310 1045 cuique
326 1006 376 1034 est
391 1006 494 1041 aetas,
514 1003 562 1035 ita
578 1013 748 1046 quemque
765 1003 892 1036 facetus
908 1004 1045 1048 adopta.

137 1056 165 1088 si
180 1057 267 1088 bene
283 1067 328 1099 qu
358 1060 454 1088 cenat
469 1056 557 1089 bene
574 1057 666 1096 vivit,
687 1056 788 1097 lucet,
809 1068 926 1089 eamus

139 1120 207 1153 quo
223 1110 317 1142 ducit
332 1110 412 1153 gula
427 1121 438 1150 ;
461 1111 642 1153 piscemur,
663 1121 837 1148 venemur,
859 1116 894 1142 ut
912 1110 995 1142 olim

140 1163 321 1206 Gargilius,
344 1163 402 1205 qui
419 1173 519 1195 mane
535 1163 665 1206 plagas,
687 1163 864 1202 venabula,
886 1174 1008 1202 servos,

139 1216 308 1249 differtum
326 1216 466 1248 transire
486 1216 612 1248 Forum
630 1215 864 1258 populumque
881 1216 1030 1256 iubebat,

138 1280 225 1302 unus
240 1274 277 1301 ut
294 1279 312 1301 e
330 1269 444 1301 multis
461 1269 590 1312 populo
608 1274 782 1311 spectante
800 1268 933 1300 referret
1149 1277 1185 1303 60

139 1328 292 1365 emptum
310 1322 420 1354 mulus
437 1332 568 1364 aprum.
620 1321 715 1353 crudi
731 1321 921 1364 tumidique
938 1321 1101 1364 lavemur,

138 1376 221 1419 quid
237 1375 355 1408 deceat
372 1375 453 1418 quid
470 1385 539 1407 non
556 1373 665 1414 obliti,
687 1374 820 1407 Caerite
836 1385 913 1407 cera

138 1428 244 1471 digni,
266 1428 443 1470 remigium
459 1428 620 1460 vitiosum
639 1427 827 1459 Ithacensis
847 1428 955 1468 Ulixi,

138 1481 193 1514 cui
210 1481 321 1523 potior
338 1481 446 1524 patria
459 1480 521 1512 fuit
538 1480 719 1512 interdieta
735 1480 902 1523 voluptas.

138 1534 178 1573 si,
199 1534 423 1566 Mimnermus
440 1534 487 1565 uti
505 1538 629 1572 censet,
651 1534 723 1565 sine
740 1544 854 1566 amore
868 1533 1017 1576 iocisque

139 1586 187 1619 nil
204 1592 255 1619 est
272 1587 464 1625 iucundum,
486 1587 579 1618 vivas
598 1587 631 1617 in
649 1597 765 1618 amore
783 1587 942 1628 iocisque.

138 1640 225 1678 vive,
245 1639 329 1671 vale.
380 1639 489 1681 siquid
504 1639 628 1671 novisti
645 1640 766 1672 rectius
784 1639 864 1677 istis,

139 1692 303 1725 candidus
319 1692 453 1735 imperti
467 1703 477 1733 3
501 1693 530 1726 si
547 1703 626 1734 non,
647 1692 699 1725 his
715 1696 807 1725 utere
825 1702 967 1725 mecum.
