1410 2283
274 133 333 172 264
559 133 594 171 Q.
626 129 757 162 ΗΘΚΛ
767 129 816 160 Τ]
840 120 1011 161 FLAcct
1261 126 1298 170 [1.

276 219 344 250 quo
361 206 524 250 promissa
541 206 661 238 cadant
678 209 711 238 et
728 204 858 238 somnia
875 203 1096 247 Pythagorea.

278 261 433 300 Naevius,
444 260 476 291 in
495 259 647 290 manibus
664 269 731 290 non
749 262 798 290 est
812 262 843 290 et
861 257 1031 289 mentibus
1046 256 1159 289 haeret

277 323 382 355 paene
398 321 511 343 recens
523 312 538 342 ?
560 311 645 342 adeo
662 315 819 342 sanctum·
829 314 879 341 est
897 313 991 341 vetus
1007 319 1107 341 omne
1122 317 1254 352 poema.

277 364 455 405 ambigitur
472 363 626 405 quotiens
642 368 714 394 uter
730 368 805 394 utro
821 361 863 393 sit
880 361 980 404 prior,
1001 360 1107 394 aufert

279 416 442 447 Pacuvius
458 415 547 447 docti
567 415 688 446 samam
706 414 803 452 senis,
826 413 950 445 Accius
965 413 1036 452 alti,

276 468 396 499 dicitur
414 467 532 499 Afrani
551 472 628 508 toga
645 466 840 499 convenisse
858 465 1058 504 Menandro,

278 518 414 550 Plautus
431 518 473 549 ad
490 518 660 560 exemplar
679 517 782 550 Siculi
798 527 976 559 properare
995 516 1201 559 Epicharmi,

278 571 407 602 vincere
426 570 592 602 Caecilius
608 570 783 612 gravitate,
802 569 979 601 Terentius
995 574 1076 602 arte.

276 622 338 653 hos
354 622 470 654 ediscit
488 627 520 654 et
537 622 598 653 hos
615 627 688 654 arto
705 621 827 663 stipata
843 621 974 653 theatro
1104 633 1109 637 ·
1272 625 1307 652 60

276 679 403 716 spectat
423 674 531 705 Roma
549 679 689 716 potens;
714 673 815 706 habet
833 674 894 706 hos
910 676 1128 716 numeratque
1144 675 1261 716 poetas

276 726 319 757 ad
336 731 484 757 nostrum
502 731 634 768 tempus
653 726 727 758 Livi
745 726 914 768 scriptoris
930 725 974 757 ab
990 735 1083 757 aevo.

278 778 444 810 interdum
461 778 579 820 volgus
596 784 721 810 rectum
738 778 848 817 videt;
872 782 921 810 est
938 777 994 809 ubi
1011 781 1138 820 peccat.

276 828 304 860 si
321 834 448 861 veteres
465 829 511 860 ita
529 829 668 860 miratur
684 828 864 870 laudatque
880 831 996 870 poetas

276 886 312 913 ut
328 882 410 913 nihil
428 881 601 919 anteferat,
621 880 704 912 nihil
723 880 789 912 illis
805 883 986 922 comparet,
1007 883 1092 911 errat
1110 890 1118 911 τ

277 934 302 965 si
320 934 484 976 quaedam
502 934 601 965 nimis
618 933 764 975 antique,
786 933 812 965 si
829 932 987 975 pleraque
1003 931 1084 964 dure

277 985 386 1017 dicere
404 985 507 1017 credit
525 995 591 1023 eos,
613 985 731 1026 ignave
748 983 852 1015 multa
870 983 998 1022 fatetur,

277 1042 308 1069 ct
325 1037 411 1079 sapit
428 1042 459 1069 et
477 1047 607 1068 mecum
626 1036 702 1068 sacit
721 1041 752 1068 et
771 1036 852 1068 Iove
867 1035 990 1067 iudicat
1007 1045 1125 1078 aequo.

276 1100 344 1121 non
362 1089 516 1132 equidem
535 1089 678 1120 insector
695 1088 879 1120 delendave
896 1087 1044 1119 carmina
1061 1087 1136 1120 Livi

276 1152 347 1174 esse
364 1152 448 1180 reor,
468 1141 606 1172 memini
624 1151 710 1183 quae
726 1140 901 1183 plagosum
919 1140 1002 1172 mihi
1019 1149 1122 1182 parvo
1275 1154 1310 1179 70

278 1194 444 1227 Orbilium
462 1194 587 1226 dictare
602 1206 610 1225 ι
636 1193 695 1225 sed
712 1193 890 1225 emendata
907 1191 1013 1224 videri

276 1246 480 1289 pulchraque
497 1251 530 1278 et
547 1245 672 1278 exactis
689 1244 865 1277 minimum
881 1243 1042 1277 distantia
1057 1243 1168 1277 miror.

276 1299 362 1331 inter
378 1309 464 1340 quae
481 1299 618 1330 verbum
635 1297 771 1329 emicuit
788 1297 815 1329 si
833 1296 918 1330 sorte
934 1297 1102 1336 decorum,

276 1351 303 1382 si
320 1362 432 1383 versus
450 1350 550 1392 paulo
567 1350 761 1382 concinnior
778 1359 863 1381 unus
879 1353 912 1382 et
927 1348 1022 1388 alter,

277 1403 397 1435 iniuste
413 1408 518 1434 totum
536 1402 627 1434 ducit
644 1402 825 1444 venditque
841 1411 972 1444 poema.

276 1455 432 1497 indignor
448 1456 627 1497 quicquam
645 1454 811 1497 reprendi,
831 1464 900 1486 non
916 1453 996 1496 quia
1012 1463 1121 1486 crasse

277 1507 498 1550 compositum
516 1507 705 1550 iulepideve
721 1512 863 1548 putetur,
885 1505 945 1538 sed
960 1506 1039 1548 quia
1054 1515 1172 1548 nuper,

276 1570 338 1591 nec
353 1559 486 1591 veniam
503 1559 658 1601 antiquis,
680 1559 739 1591 sed
754 1559 915 1590 honorem
935 1562 969 1590 et
985 1557 1136 1600 praemia
1150 1558 1255 1600 posci.

276 1617 364 1644 recte
380 1622 484 1644 necne
501 1622 633 1643 crocum
651 1610 814 1652 floresque
832 1609 1043 1652 perambulet
1059 1609 1162 1642 Attae

278 1663 390 1695 sabula
407 1664 432 1696 si
450 1663 610 1702 dubitem,
633 1663 778 1695 clament
796 1663 934 1705 periisse
951 1662 1116 1705 pudorem

277 1716 386 1748 cuncti
403 1727 509 1758 paene
522 1721 644 1758 patreS,
665 1726 705 1747 ea
720 1726 796 1747 cum
814 1714 1015 1758 reprendere
1031 1725 1132 1747 coner

276 1777 361 1808 quae
376 1768 486 1809 gravis
504 1768 669 1809 Aesopus,
691 1777 778 1809 quae
793 1767 912 1799 doctus
929 1765 1072 1799 Roscius
1087 1764 1155 1808 egit
1167 1774 1179 1804 3

276 1819 329 1850 vel
345 1820 423 1861 quia
439 1820 487 1851 nil
504 1825 640 1858 rectum,
662 1819 727 1851 nisi
743 1819 834 1861 quod
850 1818 978 1861 placuit
993 1818 1069 1857 sibi,
1087 1817 1225 1856 ducunt,

277 1871 330 1903 vel
347 1872 425 1913 quia
441 1877 536 1914 turpe
553 1876 673 1914 putant
690 1882 806 1914 parere
822 1870 1017 1910 minoribus,
1037 1874 1071 1904 et
1085 1879 1173 1912 quae

277 1923 408 1955 inberbi
422 1923 578 1963 didicere,
599 1934 693 1956 senes
709 1923 881 1966 perdenda
896 1922 1003 1955 fateri.
