1410 2283
283 139 322 167 34
571 126 606 162 Q.
638 124 766 153 HORA
776 123 826 153 TI
848 123 1018 153 FLACCI
1151 121 1294 162 [xxxin.

457 200 565 241 ipsum
580 208 633 229 me
650 197 766 228 melior
781 207 856 229 cum
872 199 999 238 peteret
1013 196 1141 234 Venus,

454 255 546 292 grata
562 249 702 281 detinuit
719 247 881 289 compede
897 247 1042 289 Myrtale

455 301 617 338 libertina,
639 300 729 331 fretis
742 299 847 331 acrior
864 298 1014 331 Hadriae

540 352 705 385 curvantis
723 351 882 387 Calabros
898 350 999 382 sinus.

281 580 447 612 XXXIV.
580 578 740 611 ARCUS
757 578 895 610 deorum
910 577 1018 610 cultor
1033 581 1066 610 et
1081 576 1281 621 infrequens,

602 629 795 661 insanientis
812 630 891 661 dum
908 629 1088 670 sapientiae

537 681 706 714 consultus
723 691 805 719 erro,
825 690 913 712 nune
929 685 1107 711 retrorsum

582 733 655 764 vela
670 732 748 763 dare
761 737 859 773 atque
876 731 992 763 iterare
1008 742 1121 763 cursus

495 844 595 875 cogor
612 832 742 864 relictos
758 845 765 864 ε
797 843 941 874 namque
957 832 1136 874 Diespiter,

495 885 564 926 igni
579 894 714 916 corusco
729 884 844 915 nubila
858 884 1010 915 dividens

538 935 743 977 plerumque,
764 945 822 976 per
838 945 956 976 purum
973 934 1119 966 tonantis

580 987 647 1028 egit
664 996 765 1028 equos
781 986 1015 1028 volucremque
1030 996 1172 1024 currum,

492 1098 558 1129 quo
575 1087 670 1118 bruta
687 1087 782 1118 tellus
799 1091 831 1118 et
847 1097 930 1128 vaga
947 1086 1094 1125 flumina,

493 1150 560 1180 quo
577 1139 659 1179 Styx
673 1142 704 1170 et
721 1138 816 1169 invisi
832 1138 966 1169 horrida
981 1137 1125 1169 Taenari
1261 1152 1294 1170 10

537 1190 630 1221 sedes
648 1189 890 1230 Atlanteusque
906 1188 979 1220 finis

579 1241 773 1273 concutitur.
823 1240 910 1272 valet
927 1241 994 1272 ima
1009 1239 1146 1272 summis

493 1348 618 1374 mutare
635 1347 666 1374 et
682 1342 844 1384 insignem
861 1345 1009 1374 attenuat
1024 1341 1116 1380 deus,

492 1394 631 1425 obscura
646 1403 801 1434 promens
815 1403 824 1431 ;
847 1393 924 1424 hinc
940 1393 1070 1435 apicem
1085 1403 1188 1435 rapax

537 1446 684 1476 Fortuna
699 1455 774 1477 cum
790 1444 928 1476 stridore
945 1449 1041 1476 acuto

578 1496 718 1535 sustulit,
738 1496 793 1528 hic
809 1497 958 1538 posuisse
973 1497 1104 1538 gaudet.

277 1722 424 1755 XXXV.
566 1722 697 1761 DIVA,
718 1727 850 1764 gratum
867 1732 950 1764 quae
967 1723 1053 1765 regis
1068 1723 1217 1762 Antium,

571 1785 724 1816 praesens
740 1775 793 1807 vel
809 1775 876 1806 imo
892 1774 1009 1807 tollere
1024 1775 1067 1807 de
1082 1775 1187 1817 gradu

492 1825 629 1857 mortale
644 1836 763 1867 corpus
778 1826 831 1858 vel
847 1826 1006 1868 superbos

533 1881 658 1908 vertere
673 1876 840 1909 funeribus
856 1878 1041 1920 triumphos
1053 1888 1064 1917 3
