1410 2283
983 78 985 81 .
1067 69 1106 107 ,ρ

1222 151 1270 195 [v.

252 173 311 203 ¹40
532 160 569 199 Q.
599 157 732 191 ΗΘΚΛ
741 156 791 188 TI
815 154 906 188 FLA
911 155 988 188 cel

255 441 297 474 V.
339 438 468 524 ‘AT
485 448 506 469 o
521 437 661 471 deorum
677 433 839 480 quicquid
856 434 890 467 in
906 432 1002 468 eaelo
1017 432 1104 478 regit

482 496 586 523 terras
601 495 633 522 et
651 489 835 522 humanum
850 497 966 530 genus,

343 544 425 588 quid
444 544 505 576 istc
522 543 583 575 sert
600 541 788 575 tumultus?
809 545 867 573 aut
883 538 967 583 quid
981 538 1134 572 omnium

390 596 500 628 voltus
517 595 551 627 in
568 605 672 627 unum
689 604 743 626 me
760 593 894 626 truces?

349 660 408 692 pcr
426 648 550 680 liberos
566 652 609 686 te,
630 646 657 679 si
674 650 795 679 vocata
810 644 974 688 partubus

391 701 521 733 Lucina
536 699 623 732 veris
639 698 757 737 adsuit,

348 764 408 796 per
424 753 488 785 hoc
505 752 604 784 inane
620 760 787 794 purpurae
802 749 905 782 decus
921 757 1050 792 precor,

392 815 452 848 per
469 804 736 846 improbaturum
753 802 837 834 haec
856 801 985 839 Iovem,

348 857 431 901 quid
447 861 482 889 ut
499 866 642 888 noverca
655 865 710 887 me
726 853 862 886 intueris
878 858 935 886 aut
951 851 1000 884 uti

394 909 500 952 petita
517 908 604 940 ferro
619 907 720 939 belua
731 905 764 939 Γ

352 966 388 994 ut
405 961 489 994 haec
505 959 659 992 trementi
676 961 812 1002 questus
828 967 886 990 ore
901 954 1052 990 constitit

396 1012 583 1056 insignibus
599 1011 702 1054 raptis
718 1021 812 1053 puer,

353 1066 490 1109 impube
507 1075 638 1107 corpus,
658 1062 758 1107 quale
774 1065 887 1105 posset
903 1060 1010 1105 impia

397 1117 529 1150 mollire
544 1116 714 1148 Thracum
730 1119 878 1158 pectora,

355 1170 500 1205 Canidia
516 1169 674 1202 brevibus
691 1167 864 1210 implicata
878 1165 1005 1210 viperis

398 1223 499 1255 crinis
515 1227 547 1254 et
565 1222 773 1263 incomptum
787 1222 890 1262 caput

357 1275 447 1308 iubet
464 1273 626 1317 sepulcris
642 1272 818 1315 caprificos
834 1275 956 1310 erutas,

401 1328 493 1360 iubet
510 1336 686 1369 cupressus
704 1323 863 1363 funebris,

359 1385 392 1412 et
409 1385 508 1412 uncta
525 1378 631 1421 turpis
647 1387 712 1410 ova
728 1386 829 1409 ranae
845 1374 1020 1418 sanguine,

404 1432 624 1475 plumamque
640 1434 826 1462 nocturnae
841 1427 964 1471 strigis,

358 1484 546 1526 herbasque
563 1493 647 1526 quas
663 1481 776 1515 Iolcos
790 1485 893 1524 atque
909 1477 1055 1512 Hiberia

403 1537 508 1569 mittit
524 1545 731 1568 venenorum
748 1533 852 1572 ferax,

357 1593 393 1622 et
410 1599 485 1621 ossa
502 1588 546 1620 ab
562 1597 619 1620 ore
636 1591 732 1629 rapta
749 1585 882 1618 ieiunae
897 1583 990 1618 canis

406 1640 552 1673 flammis
568 1639 664 1672 aduri
683 1637 865 1671 Colchicis.

361 1698 396 1726 at
411 1693 571 1736 expedita
590 1692 725 1734 Sagana
740 1700 801 1733 per
816 1693 924 1722 totam
937 1687 1080 1720 domum

407 1755 568 1788 spargens
584 1742 764 1776 Avernalis
780 1750 885 1784 aquas

363 1798 476 1831 horret
493 1797 625 1840 capillis
641 1801 678 1828 ut
694 1794 843 1827 marinus
858 1791 986 1837 asperis

409 1849 547 1882 echinus
563 1854 619 1881 aut
636 1857 772 1881 currens
787 1855 879 1889 aper.

365 1901 485 1934 abacta
501 1901 595 1933 nulla
611 1899 699 1932 Veia
713 1896 921 1931 conscientia

411 1953 582 1995 ligonibus
598 1952 690 1985 duris
705 1951 848 1983 humum
