1458 2315
159 144 252 186 κη]
415 146 694 178 CARMJNUM
716 147 862 179 LIBER
889 148 950 179 [V.
1150 159 1208 190 123

160 489 262 522 XIV.
299 490 502 595 QUAE
518 503 598 525 cura
616 492 755 525 Patmm
772 503 903 536 quaeve
920 494 1108 536 Quiritium

416 545 527 588 plenis
543 546 712 578 honorum
729 547 929 580 muneribus
945 553 1031 587 tuas,

326 598 504 641 'Auguste,
524 599 667 632 virtutes
684 599 718 631 in
735 610 858 632 aevum

0 677 2 694 ,
379 662 442 694 per
457 651 574 685 titulos
591 662 828 696 memoresque
845 653 950 686 fastos

290 759 453 800 aeternet,
474 765 495 788 o
512 766 580 799 qua
594 755 644 789 sol
662 755 863 789 habitabilis

291 807 436 841 illustrat
453 819 530 841 oras
546 809 694 842 maxime
710 810 930 855 principuml?

335 871 438 904 quem
454 861 540 904 legis
556 867 712 905 expertes
731 863 875 896 Latinae

379 914 554 948 Vindelici
570 915 719 949 didicere
736 927 846 959 nuper

290 1020 373 1063 quid
388 1020 500 1054 Marte
517 1031 644 1064 posses.
695 1021 806 1054 milite
822 1033 903 1055 nam
920 1027 981 1055 tuo

290 1073 422 1106 Drusus
440 1074 635 1114 Genaunos,
656 1075 880 1118 implacidum
896 1086 1013 1119 genus,
1166 1093 1200 1111 10

335 1126 557 1170 Breunosque
573 1128 707 1161 veloces
723 1132 757 1160 et
774 1139 867 1161 arces

381 1179 532 1222 Alpibus
548 1181 724 1224 impositas
741 1181 927 1214 tremendis

289 1283 413 1316 deiecit
430 1295 507 1317 acer
523 1284 600 1327 plus
617 1284 689 1318 vice
706 1285 865 1328 simplici.

291 1337 400 1369 maior
416 1337 595 1370 Neronum
611 1349 691 1370 mox
707 1348 809 1380 grave
826 1338 994 1381 proelium

334 1389 504 1422 commisit
520 1390 748 1434 immanisque
765 1392 894 1425 Raetos

378 1442 536 1485 auspiciis
552 1444 685 1487 pepulit
702 1445 869 1485 secundis,

15 1556 18 1585 ᾗ
288 1547 492 1589 spectandus
509 1547 544 1580 in
561 1549 745 1582 certamine
762 1550 890 1583 Martio

285 1600 411 1633 devota
426 1602 527 1633 morti
542 1607 681 1644 pectora
697 1603 823 1636 liberae

331 1654 466 1695 quantis
483 1654 638 1698 fatigaret
655 1656 770 1695 ruinis,

0 1702 19 1753 l,
376 1707 560 1740 indomitas
576 1719 682 1751 prope
699 1709 810 1752 qualis
825 1709 934 1743 undas
1160 1729 1194 1746 20

286 1814 419 1842 exercet
436 1810 572 1851 Auster,
595 1811 773 1845 Pleiadum
790 1813 894 1846 choro

286 1862 463 1896 scindente
479 1865 598 1904 nubes,
619 1865 764 1908 impiger
780 1866 930 1899 hostium

329 1926 452 1948 vexare
468 1920 595 1950 turmas
612 1922 645 1950 et
662 1918 862 1951 frementem

373 1969 507 2002 mittere
523 1980 648 2013 equum
666 1972 797 2004 medios
813 1983 874 2015 per
891 1972 986 2015 ignis.
