1410 2283
276 154 317 186 50
572 147 609 186 Q.
642 146 772 177 ΗΘΚΛ
783 146 832 177 r!
856 145 1028 179 macc-1

451 226 650 254 summovet.
698 231 778 260 non,
796 220 824 254 si
840 220 929 254 male
944 229 1043 262 nunc,
1062 225 1096 256 et
1110 221 1193 256 olim

451 274 498 306 sic
514 274 574 306 erit
590 286 596 306 :
621 274 792 316 quondam
808 273 936 306 cithara
951 277 1119 307 tacentem

451 326 587 358 suscitat
607 326 739 358 Musam
756 336 865 368 neque
881 335 1014 369 semper
1029 336 1143 360 arcum

628 378 734 410 tendit
753 378 892 420 Apollo,

455 497 552 530 rebus
568 498 718 540 angustis
734 498 905 530 animosus
920 503 1024 541 atque

452 549 545 582 sortis
561 560 706 593 appare:
729 550 899 593 sapienter
915 550 1006 583 idem

453 602 631 635 contrahes
648 607 749 634 vento
765 602 907 634 nimium
922 601 1072 636 secundo

627 653 759 697 turgida
776 653 861 686 vela.

277 943 341 976 x1.
512 942 602 976 UID
618 942 798 976 bellicosus
815 942 985 976 Cantaber
1001 947 1032 976 et
1051 942 1202 986 scythes,

419 941 506 1044 Q
534 996 679 1038 Hirpine
695 995 844 1037 Quincti,
864 996 988 1038 cogitet
1006 996 1139 1030 Hadria

452 1048 578 1079 divisus
595 1047 739 1086 obiecto,
758 1047 909 1080 remittas

494 1109 662 1141 quaerere,
684 1110 746 1132 nee
762 1099 909 1142 trepides
925 1099 960 1132 in
976 1110 1074 1132 usum

406 1218 573 1261 poscentis
588 1217 661 1250 aevi
679 1228 797 1261 pauca.
844 1217 929 1260 fug-it
946 1223 1034 1251 retro

406 1271 488 1303 levis
504 1271 657 1302 iuventus
672 1276 705 1302 et
721 1270 833 1309 decor,
851 1270 948 1303 arida

450 1322 595 1365 peUente
612 1322 754 1355 lascivos
770 1332 902 1355 amores

493 1374 616 1406 canitie
633 1373 832 1417 facilemque
847 1384 1012 1409 somnum.

407 1503 474 1525 non
492 1503 624 1535 semper
641 1492 731 1525 idem
747 1492 885 1525 floribus
900 1496 950 1526 est
965 1491 1077 1531 honor-

406 1546 527 1584 vernis,
547 1555 655 1588 neque
670 1555 740 1577 uno
755 1544 836 1577 luna
850 1544 974 1578 rubens
988 1545 1075 1578 nitet

451 1597 555 1629 voltu.
605 1597 687 1639 quid
702 1596 847 1629 aeternis
860 1596 1028 1630 minorem

495 1649 644 1682 consiliis
660 1649 810 1682 animum
825 1648 967 1692 fatigas?

405 1777 465 1801 cur
479 1778 548 1801 non
563 1769 626 1802 sub
640 1767 709 1802 alta
725 1768 779 1802 vel
795 1767 935 1811 platano
950 1767 1004 1801 vel
1018 1767 1084 1801 hac

406 1821 488 1864 pinu
504 1821 650 1854 iacentes
666 1821 715 1854 sic
728 1825 854 1854 temere
868 1825 903 1854 et
917 1830 995 1853 rosa

449 1882 551 1904 canos
566 1873 697 1906 odorati
713 1872 865 1915 capillos,

493 1924 575 1956 dum
591 1924 680 1964 licet,
699 1923 904 1967 Assyriaque
918 1923 1026 1957 nardo

1253 146 1301 190 [x.

1396 1583 1410 1636 ·7.
1404 1549 1410 1553 .
