1410 2283
291 136 348 165 166
577 134 613 172 Q.
645 132 776 164 HORA
785 133 835 163 Τ]
857 133 1028 164 FLACCI
1258 132 1310 174 [11.

288 211 431 254 plurima
449 220 533 253 quae
551 209 719 241 invideant
737 219 819 252 pure
835 219 995 252 apparere
1011 209 1072 242 tibi
1089 220 1172 244 rem.
1264 225 1315 242 100

289 263 402 300 altera,
423 263 469 294 nil
487 262 597 293 obstat
613 272 621 298 ;
647 261 728 293 Cois
746 261 806 293 tibi
823 271 930 304 paene
947 261 1060 294 videre
1075 266 1126 294 est

288 321 322 346 ut
340 314 473 351 nudam,
494 324 535 345 ne
552 324 645 345 crure
661 313 761 351 malo,
781 322 823 345 ne
839 313 880 345 sit
898 314 983 355 pede
1000 313 1088 357 turpi
1103 325 1114 353 3

288 367 396 399 metiri
416 366 521 408 possis
537 365 636 397 oculo
652 365 748 396 latus.
795 375 838 397 an
856 365 916 397 tibi
933 365 1040 398 mavis

289 419 424 450 insidias
443 417 511 450 fieri
529 417 739 460 pretiumque
756 417 892 449 avellier
907 422 985 450 ante

286 482 386 513 quam
404 481 548 502 mercem
564 470 720 501 ostendi?
745 469 912 511 ‘leporem
931 475 1069 502 venator
1083 474 1118 502 ut
1135 469 1203 502 alta

286 524 318 554 in
335 523 411 554 nive
427 527 580 560 sectetur,
601 522 747 564 positum
763 522 809 553 sic
827 527 962 564 tangere
978 521 1078 555 nolit'

285 580 408 613 cantat,
428 580 460 606 et
476 574 616 616 apponit
638 575 750 605 ‘meus
765 579 813 605 est
830 584 925 606 amor
940 574 1017 606 huic
1033 573 1172 607 similis:
1198 585 1276 606 nam

284 626 466 658 transvolat
486 627 518 657 in
536 626 648 657 medio
662 626 770 668 posita
786 630 819 658 et
836 625 995 667 fugientia
1011 625 1148 669 captat.'

286 679 412 711 hiscine
429 678 599 710 versiculis
615 688 728 720 speras
746 678 804 710 tibi
823 688 921 720 posse
937 678 1072 710 dolores

284 737 384 773 atque
400 737 510 762 aestus
526 740 687 771 curasque
703 730 813 771 gravis
828 741 846 762 e
864 735 998 772 pectore
1014 729 1087 762 tolli
1101 730 1116 762 ?
1266 745 1316 762 uo

285 793 406 820 nonne,
427 781 639 824 cupidinibus
657 787 778 813 statuat
796 787 915 813 natura
932 782 1070 814 modum
1087 792 1198 824 quem,

285 834 366 877 quid
383 834 500 871 latura,
521 833 583 865 sibi
601 833 682 875 quid
700 833 740 864 sit
757 833 904 865 dolitura
920 839 1090 875 negatum,

284 896 442 928 quaerere
459 885 534 927 plus
550 885 685 927 prodest
701 889 733 916 ct
752 885 850 917 inane
867 885 1063 918 abscindere
1080 885 1177 918 soldo
1188 886 1206 918 Ρ

284 949 374 976 num,
396 938 456 969 tibi
473 947 548 968 cum
566 936 675 968 fauces
691 937 755 968 urit
772 937 854 976 sitis,
874 948 975 969 aurea
990 937 1122 980 quaeris

285 989 431 1033 pocula?
454 999 533 1020 num
551 988 697 1020 esuriens
716 988 843 1020 fastidis
860 989 974 1021 omnia
990 995 1123 1032 praeter

285 1052 451 1085 pavonem
483 1040 728 1082 rhombumque
741 1041 756 1072 ?
793 1045 922 1073 tument
961 1041 1022 1074 tibi
1054 1051 1131 1074 cum
1161 1041 1311 1084 inguina,

418 1103 508 1130 num,
528 1093 555 1124 si

285 1145 405 1178 ancilla
422 1150 477 1177 aut
494 1155 594 1176 verna
611 1149 658 1176 cst
677 1148 809 1186 praesto
825 1155 918 1188 puer,
939 1145 1083 1188 impetus
1100 1145 1133 1177 in
1150 1155 1251 1188 quem

285 1199 444 1230 continuo
461 1197 528 1234 fiat,
550 1197 646 1228 malis
662 1197 822 1239 tentigine
839 1198 976 1240 rumpi?

285 1261 351 1282 non
368 1260 432 1292 ego
447 1261 454 1281 :
479 1259 622 1291 namque
636 1249 819 1291 parabilem
836 1260 914 1281 amo
926 1260 1082 1282 venerem
1098 1248 1311 1292 facilemque.

286 1303 376 1334 illam
398 1304 490 1344 ‘post
507 1301 622 1343 paullo
638 1313 646 1339 ;
671 1301 729 1333 sed
745 1300 847 1343 pluris
862 1313 871 1340 ;
894 1302 922 1333 si
938 1301 1055 1334 exierit
1071 1301 1122 1334 vir
1136 1300 1145 1314 '
1266 1317 1316 1334 120

286 1354 403 1392 Gallis,
425 1354 512 1385 hanc
530 1353 747 1385 Philodemus
762 1353 808 1386 ait
825 1353 888 1385 sibi
904 1364 991 1396 quae
1007 1364 1116 1396 neque
1131 1363 1256 1396 magno

286 1412 349 1438 stet
367 1406 474 1448 pretio
490 1416 598 1448 neque
614 1410 788 1437 cunctetur
803 1417 879 1438 cum
896 1411 946 1439 est
963 1406 1051 1438 iussa
1066 1405 1190 1438 venire.

286 1458 429 1490 candida
445 1464 600 1500 rectaque
616 1458 668 1496 sit,
688 1458 814 1490 munda
829 1458 991 1491 hactenus
1006 1463 1042 1490 ut
1058 1468 1167 1500 neque
1182 1457 1285 1500 longa

287 1521 347 1542 nec
365 1510 470 1552 magis
486 1509 563 1541 alba
579 1509 658 1541 velit
675 1520 775 1552 quam
791 1510 850 1542 dat
866 1515 986 1543 natura
1001 1510 1117 1543 videri.

287 1563 369 1594 haec
387 1562 443 1594 ubi
461 1562 635 1604 supposuit
652 1561 771 1594 dextro
786 1572 906 1604 corpus
922 1562 1005 1594 mihi
1020 1561 1164 1602 laevum,

289 1615 353 1646 Ilia
369 1619 401 1646 et
419 1614 541 1656 Egeria
558 1619 606 1646 est
620 1627 629 1653 ;
653 1614 698 1645 do
714 1624 837 1646 nomen
853 1614 1029 1657 quodlibet
1045 1614 1105 1653 illi,

287 1677 347 1698 nec
364 1677 479 1698 vereor
494 1676 537 1698 ne
552 1666 633 1698 dum
651 1665 743 1698 sutuo
758 1666 808 1698 vir
823 1677 897 1699 rure
913 1671 1070 1706 recurrat,

289 1719 387 1749 ianua
403 1717 582 1759 frangatur,
603 1718 700 1749 latret
718 1718 818 1756 canis,
838 1718 987 1761 undique
1002 1727 1128 1761 magno

289 1770 384 1812 pulsa
400 1770 520 1801 domus
537 1770 677 1812 strepitu
694 1775 835 1809 resonet,
854 1770 1024 1813 vepallida
1039 1770 1129 1802 lecto

288 1821 419 1853 desiliat
436 1822 564 1861 mulier,
583 1822 737 1853 miseram
753 1832 788 1854 se
800 1822 934 1854 conscia
948 1822 1082 1861 clamet,
1264 1833 1316 1859 130

289 1873 438 1904 cruribus
454 1873 535 1904 haec
552 1878 688 1912 metuat,
708 1873 780 1906 doti
795 1873 970 1916 deprensa,
990 1876 1122 1916 egomet
1138 1872 1195 1906 mi.

292 1925 454 1956 discincta
469 1924 582 1957 tunica
598 1924 792 1967 fugiendum
809 1930 858 1958 est
875 1935 914 1958 ac
929 1925 1016 1968 pede
1031 1925 1133 1965 nudo,
