1410 2283
304 133 362 162 130
587 133 623 171 Q.
655 133 785 164 ΗΘΚΛ
795 133 845 164 Τ]
868 133 1040 165 FLACCI
1258 133 1318 175 [Vl.

300 206 414 238 iniciat
431 217 544 238 curam
561 207 743 249 quaerendi
759 207 900 249 singula,
921 207 1012 251 quali

299 258 340 289 sit
359 259 453 297 facie,
474 269 560 296 sura,
580 259 671 301 quali
690 260 786 301 pede,
806 260 915 297 dente,
937 259 1088 302 capillo;

299 311 346 341 sic
362 311 418 352 qui
438 311 613 352 promittit,
635 311 726 349 civis,
753 311 878 343 Urbem
896 311 959 342 sibi
976 321 1086 350 curae,

301 362 478 404 imperium
497 363 564 394 sore
581 369 613 394 et
636 362 778 401 Italiam,
799 362 940 395 delubra
955 363 1106 401 deorum,

299 424 365 455 quo
383 420 476 456 patre
494 415 534 445 sit
553 420 658 452 natus,
682 425 761 445 num
779 414 895 456 ignota
911 420 1016 447 matre
1035 414 1241 455 inhonestus,

297 466 406 497 omnis
425 466 574 497 mortalis
591 476 704 498 curare
721 472 751 498 et
769 477 928 508 quaerere
945 467 1046 509 cogit.

302 518 410 556 ‘tune‚
434 518 519 558 Syri,
544 518 682 556 Damae,
703 525 758 550 aut
779 518 920 560 Dionysi
938 517 1035 557 filius,
1055 518 1159 551 audes

296 568 426 601 deicere
443 569 485 601 de
502 580 581 601 saxo
597 570 679 601 civis
695 575 751 601 aut
770 570 900 602 tradere
918 570 1050 602 Cadmo
1062 571 1077 602 Ρ
1090 569 1098 584 ’

300 621 309 636 ‘
322 626 355 652 at
374 621 503 652 Novius
520 622 648 664 collega
663 622 768 664 gradu
785 627 860 664 post
874 632 927 654 me
943 622 1036 654 sedet
1053 632 1121 654 uno
1135 634 1143 655 :
1286 637 1322 662 40

297 683 440 715 namque
469 678 517 705 e÷t
546 673 612 713 ille,
642 679 736 716 pater
763 673 853 716 quod
881 678 951 706 erat
978 672 1097 706 meus)
1146 673 1233 707 ‘hoc
1258 674 1319 707 tibi

430 725 552 757 Paulus

296 782 327 808 et
346 776 503 808 Messalla
522 777 670 808 videris?
691 781 725 808 at
743 776 808 814 hic,
829 776 855 808 si
871 776 995 818 plostra
1012 776 1156 809 ducenta

296 835 557 870 concurrantque
575 828 646 860 soro
664 828 725 860 tria
743 827 866 867 funera,
889 838 1010 869 magna
1028 828 1161 861 sonabit

294 890 418 912 cornua
430 881 520 922 quod
538 880 711 922 vincatque
727 880 824 911 tubas
842 891 849 910 :
866 879 983 911 saltem
1002 885 1092 912 tenet
1107 880 1172 913 hoc
1185 880 1272 913 nos.'

296 942 383 964 nunc
401 932 442 963 ad
460 942 513 964 me
531 931 630 964 redeo
647 931 804 963 libertino
821 936 914 973 patre
933 936 1060 970 natum,

295 994 394 1026 quem
413 983 532 1015 rodunt
550 993 665 1014 omncs
682 983 839 1014 libertino
856 988 949 1025 patre
966 988 1093 1022 natum,

295 1046 382 1067 nunc
398 1035 477 1077 quia
493 1035 555 1066 siin
574 1035 645 1073 tibi,
668 1035 856 1072 Maecenas,
877 1034 1068 1073 convictor;
1091 1039 1126 1067 at
1141 1035 1224 1067 olim

294 1087 383 1129 quod
402 1087 482 1117 mihi
500 1092 628 1128 pareret
646 1086 734 1128 legio
754 1086 908 1117 Romana
924 1085 1067 1118 tribuno.

293 1139 454 1170 dissimile
471 1138 534 1169 hoc
551 1138 599 1169 illi
616 1143 665 1170 est
683 1150 690 1176 ;
715 1138 794 1179 quia
812 1148 890 1176 non,
911 1143 947 1169 ut
962 1137 1055 1170 forsit
1071 1138 1235 1171 honorem

294 1191 363 1222 iure
381 1190 462 1221 mihi
481 1189 626 1221 invideat
642 1189 760 1231 quivis,
782 1190 828 1221 ita
845 1195 876 1222 te
893 1199 1026 1232 quoque
1043 1191 1199 1230 amicum,
1282 1205 1317 1230 50

294 1242 488 1284 praesertim
505 1248 641 1273 cautum
657 1242 778 1283 dignos
795 1241 978 1280 adsumere,
997 1252 1101 1284 prava

294 1294 477 1326 ambitione
494 1293 620 1336 procul.
669 1293 801 1325 selisem
816 1293 927 1325 dicere
944 1303 1011 1324 non
1029 1293 1093 1326 hoe

294 1357 347 1378 me
363 1346 499 1388 possim,
519 1356 596 1377 casu
613 1345 704 1387 quod
721 1350 754 1377 te
770 1345 905 1377 sortitus
921 1345 1066 1376 amicum
1084 1356 1092 1376 :

294 1399 386 1430 nulla
401 1398 525 1430 etenim
542 1398 623 1429 mihi
641 1403 673 1429 te
691 1397 755 1429 fors
772 1396 893 1428 obtulit
909 1407 919 1435 3
943 1396 1090 1438 optimus
1108 1396 1191 1428 olim

294 1450 474 1491 Vergilius,
490 1456 565 1492 post
578 1449 667 1481 hunc
683 1449 804 1480 Varius
821 1448 934 1480 dixere
949 1448 1030 1490 quid
1049 1459 1168 1481 essem.

294 1508 329 1534 ut
347 1502 421 1534 veni
437 1512 560 1539 coram,
581 1501 752 1542 singultim
770 1511 877 1543 pauca
892 1500 1032 1539 locutus,

294 1554 402 1585 infans
416 1564 561 1595 namque
576 1554 685 1595 pudor
699 1552 900 1595 prohibebat
916 1551 1012 1593 plura
1029 1551 1164 1594 profari,

294 1616 362 1636 non
378 1616 442 1647 ego
456 1616 510 1637 me
526 1605 616 1636 claro
633 1610 748 1636 natum
765 1609 870 1646 patre,
892 1613 962 1635 non
978 1613 1042 1645 ego
1057 1603 1182 1636 circum

293 1667 348 1688 me
366 1657 565 1689 Satureiano
582 1656 704 1688 vectari
722 1666 798 1688 rura
815 1655 956 1693 caballo,

294 1709 353 1740 sed
369 1709 461 1750 quod
475 1719 567 1741 eram
582 1719 691 1740 narro,
739 1707 932 1749 responde5‚
952 1711 988 1738 ut
1004 1711 1080 1738 tuus
1095 1709 1146 1739 est
1161 1716 1244 1745 mos,
1279 1713 1314 1739 60

294 1771 401 1802 pauca
418 1772 426 1792 :
449 1761 535 1792 abeo
550 1771 559 1799 ;
583 1766 616 1792 et
632 1770 769 1792 revocas
784 1768 874 1791 nono
889 1762 966 1801 post
983 1769 1107 1798 mense,
1127 1757 1287 1801 iubesque

294 1823 366 1843 esse
382 1812 416 1843 in
432 1813 615 1843 amicorum
632 1822 780 1843 numero.
830 1820 991 1852 mag-num
1006 1809 1071 1842 hoc
1087 1819 1150 1852 ego
1166 1809 1266 1849 duco,

294 1863 386 1905 quod
402 1863 512 1905 placui
529 1863 600 1901 tibi,
620 1863 678 1905 qui
694 1862 784 1904 turpi
796 1861 939 1894 secernis
955 1860 1143 1900 honesturn,

1391 2084 1410 2283 ‘ii

294 1924 364 1946 non
378 1920 473 1956 patre
487 1915 670 1957 praeclaro,
689 1914 749 1946 sed
764 1913 835 1946 vita
849 1918 882 1946 et
897 1917 1031 1956 pectore
1046 1922 1139 1956 puro.
