1410 2283
563 134 599 173 Q.
631 133 763 164 ΗΘΚΛ
772 132 823 164 Τ]
845 131 1018 165 macc:
1189 133 1304 177 [xxrv.

495 209 630 242 vincunt
647 218 793 252 aequora
808 208 955 249 navitae,

454 270 612 302 magnum
630 259 809 303 pauperies
823 258 1045 303 opprobrium
1060 258 1154 294 iubet

498 313 631 355 quidvis
646 318 679 345 et
695 312 802 345 facere
816 318 850 345 et
866 311 949 355 pati,

454 364 664 407 virtutisque
682 364 770 396 viam
786 363 909 398 deserit
925 362 1050 397 arduae
1061 364 1077 397 ἰ’

497 487 549 520 vel
567 498 627 520 nos
644 487 677 519 in
695 487 914 531 Capitolium,

452 550 520 584 quo
536 540 664 572 clamor
680 546 776 573 vocat
793 546 826 573 et
844 540 941 573 turba
956 539 1152 581 faventium,

495 592 547 625 vel
566 603 626 625 nos
644 593 676 625 in
694 603 786 626 mare
802 592 994 635 proximum

452 654 602 687 gemmas
617 650 649 677 ct
667 645 807 687 lapides,
827 655 946 678 aurum
961 648 995 678 et
1011 642 1140 683 inutile,

497 764 618 796 summi
637 763 809 797 materiem
826 763 917 803 mali,

453 817 634 855 mittamus,
655 817 818 849 scelerum
834 817 862 848 si
878 816 963 849 bene
979 816 1139 859 paenitet.
1273 832 1308 857 ⁵0

496 869 665 902 eradenda
681 869 849 911 cupidinis

453 922 546 965 pravi
564 927 638 953 sunt
656 921 833 960 elementa,
853 925 886 953 et
903 925 1036 954 tenerae
1052 920 1152 954 nimis

497 1045 625 1073 mentes
641 1041 865 1083 asperioribus

454 1094 647 1127 formandae
664 1093 792 1126 studiis.
841 1093 947 1126 nescit
963 1103 1051 1137 equo
1066 1093 1160 1127 rudis

496 1147 632 1179 haerere
649 1146 813 1188 ingenuus
827 1156 911 1188 puer

454 1199 633 1241 venarique
651 1198 757 1238 timet,
778 1197 892 1230 ludere
908 1197 1049 1237 doctior,

496 1329 553 1351 seu
570 1319 702 1352 Graeco
718 1318 833 1351 iubeas
847 1318 966 1351 trocho

453 1382 510 1404 seu
526 1371 624 1403 malis
641 1370 745 1403 vetita
761 1370 890 1413 legibus
906 1370 991 1411 alea,

495 1434 570 1456 cum
587 1423 841 1466 periuraspatris
856 1421 939 1455 fides

452 1481 643 1508 consortem
660 1475 789 1508 socium
805 1474 898 1508 sallat
914 1479 949 1508 et
963 1473 1142 1519 hospitem,

498 1595 705 1638 indignoque
721 1594 900 1638 pecuniam

453 1647 569 1680 heredi
584 1651 751 1690 properet.
802 1646 928 1680 scilieet
943 1645 1120 1690 improbae

497 1705 647 1733 crescunt
664 1699 822 1732 divitiae:
847 1702 962 1733 tamen

453 1757 566 1785 curtae
581 1751 695 1785 nescio
711 1751 792 1795 quid
808 1761 941 1795 semper
955 1750 1051 1785 abest
1065 1750 1125 1785 rei.
