1410 2283
306 167 361 197 ¹54

585 158 620 196 Q.
653 156 783 187 HORA
792 157 842 186 TI
864 155 1036 186 FLACCI
1215 151 1316 193 [xvu.

393 231 457 264 tuis
474 230 615 273 capiilus
631 230 726 262 albus
743 234 791 262 est
812 229 990 268 odoribus;

437 283 567 315 nullum
583 293 602 314 a
619 282 732 314 labore
749 292 802 314 me
818 281 956 314 reclinat
972 280 1078 313 otium
1093 291 1103 320 ;

393 340 509 377 urguet
526 335 616 367 diem
632 345 699 366 nox
715 339 746 366 et
763 334 996 371 (liesnoctem,
1016 342 1126 376 neque
1143 336 1191 365 est

438 387 546 418 levare
563 391 655 418 tenta
671 385 789 428 spiritu
806 385 1011 428 praecordia.

394 449 475 481 ergo
491 444 647 480 negatum
664 438 781 470 vincor
797 441 832 469 ut
849 437 984 470 credam
1000 437 1110 476 miser,

439 491 575 522 Sabella
592 495 707 532 pectus
720 490 890 531 increpare
906 488 1054 521 carmina

392 548 559 584 caputque
576 542 689 573 Marsa
704 541 846 573 dissilire
861 540 970 573 nenia.

439 594 519 636 quid
537 593 679 636 amplius
695 593 769 625 vis?
792 603 812 624 ο
829 603 931 632 mare,
951 603 972 624 o
989 597 1085 629 terra,
1105 591 1208 624 ardeo
1293 605 1326 630 30

395 652 558 688 quantum
574 656 682 687 neque
699 650 772 677 atro
787 644 955 676 delibutus
973 643 1137 676 Hercules

441 697 540 729 Nessi
557 707 673 729 cruore
689 707 750 728 nec
768 697 890 728 Sicana
906 696 1033 728 fervida

397 749 507 781 furens
524 749 557 780 in
574 749 686 780 Aetna
703 748 838 779 flamma
852 759 861 786 ;
885 753 930 785 tu,
951 747 1059 779 donee
1075 746 1159 779 cinis

441 800 607 832 iniuriosis
624 799 736 831 aridus
751 799 858 831 ventis
875 798 972 837 ferar,

396 852 485 885 cales
502 852 639 884 venenis
655 851 788 883 officina
805 850 985 883 Colchicis.

439 915 526 946 quae
542 904 616 935 finis
631 908 688 935 aut
705 903 796 946 quod
811 913 865 935 me
880 907 993 934 manet
1009 901 1213 944 stipendium
1226 901 1241 933 ?

396 955 517 988 effare:
543 956 647 987 iussas
663 965 740 987 cum
757 954 822 986 fide
839 964 964 996 poenas
980 953 1082 994 luam,

440 1013 574 1050 paratus
591 1007 734 1049 expiare,
755 1017 811 1038 seu
828 1006 1021 1048 poposceris

400 1065 534 1091 centum
551 1059 707 1090 iuvencos
722 1070 733 1098 3
757 1058 826 1089 sive
842 1056 998 1090 mendaci
1015 1056 1087 1099 lyra

441 1111 533 1143 voles
549 1110 670 1149 sonari,
690 1115 726 1141 tu
742 1109 873 1152 pudica,
894 1114 929 1141 tu
946 1109 1053 1152 proba
1295 1122 1330 1146 40

398 1163 646 1206 perambulabis
663 1167 750 1194 astra
765 1161 855 1194 sidus
871 1171 1017 1193 aureum.

442 1215 575 1246 infamis
593 1214 747 1246 Helenae
765 1213 885 1246 Castor
901 1212 1046 1245 offensus
1062 1212 1170 1245 vicem

399 1267 564 1309 fraterque
580 1266 695 1308 magni
712 1265 870 1304 Castoris,
889 1265 968 1297 victi
986 1275 1095 1307 prece,

442 1320 598 1361 adempta
615 1318 682 1350 vati
699 1318 874 1350 reddidere
889 1316 1016 1348 lumina
1034 1328 1042 1348 ε

398 1377 431 1403 et
449 1378 494 1409 tu,
514 1377 610 1413 potes
626 1381 715 1408 nam,
736 1369 828 1402 solve
844 1379 899 1401 me
915 1368 1096 1407 dementia,

442 1434 462 1454 o
479 1433 539 1454 nec
555 1422 703 1464 paternis
719 1421 872 1453 obsoleta
887 1420 1042 1453 sordibus

398 1486 505 1517 neque
522 1475 556 1506 in
573 1474 731 1516 sepulcn's
747 1483 930 1515 pauperum
945 1471 1092 1515 prudens
1106 1481 1189 1503 anus

441 1526 650 1559 novendialis
665 1526 827 1567 dissipare
843 1525 1006 1567 pulveres.

399 1579 461 1610 tibi
476 1578 642 1621 hospitale
658 1582 773 1619 pectus
788 1582 821 1609 et
837 1587 939 1618 purae
954 1586 1083 1614 manus

443 1635 584 1673 tuusque
600 1635 715 1662 venter
733 1628 952 1666 Pactumeius,
973 1632 1005 1659 et
1019 1632 1080 1659 tuo
1298 1640 1332 1664 50

399 1693 514 1714 cruore
531 1682 647 1713 rubros
663 1681 826 1713 obstetrix
842 1690 969 1722 pannos
985 1679 1076 1718 lavit,

445 1739 623 1776 utcumque
639 1733 733 1765 fortis
748 1732 859 1764 exsilis
875 1741 1048 1774 puerpera.

405 1787 414 1802 ‘
426 1786 506 1827 quid
523 1785 684 1817 obseratis
700 1784 835 1816 auribus
851 1783 963 1815 fundis
980 1782 1121 1824 preces?

444 1848 514 1869 non
530 1848 608 1869 saxa
624 1836 722 1868 nudis
738 1835 888 1867 surdiora
902 1834 1024 1866 navitis

403 1889 584 1930 Neptunus
600 1888 670 1920 alto
686 1887 795 1920 tundit
812 1886 973 1918 bibemus
989 1885 1070 1918 salo.

444 1941 569 1974 inultus
584 1946 621 1973 ut
637 1944 672 1972 tu
690 1939 798 1971 riseris
816 1938 965 1981 Cotyttia
