1458 2315
72 138 179 180 xva]
400 140 602 171 EPODON
623 141 776 172 LIBER.
1047 151 1104 182 155

162 214 310 258 volgata,
332 225 464 248 sacrum
480 215 578 248 liberi
597 216 785 258 Cupidinis,

208 273 241 300 et
259 268 428 311 Esquilini
445 269 599 311 pontifex
616 269 756 301 venefici

164 321 302 364 impune
319 326 356 352 ut
371 321 490 353 urbem
506 322 644 353 nomine
660 321 811 364 impleris
827 324 929 355 meo?
980 335 983 337 ·

208 373 291 416 quid
307 373 465 415 proderat
481 373 605 406 ditasse
623 374 800 417 Paelignas
817 385 901 407 anus
1073 384 1107 409 60

165 426 356 459 velociusve
373 426 545 458 miscuisse
563 426 738 459 toxicum?

210 478 270 511 sed
287 478 434 510 tardiora
450 478 517 510 fata
533 484 566 511 te
583 479 669 511 votis
686 485 822 512 manent
839 491 848 519 3

166 531 299 574 ingrata
315 531 438 563 misero
455 532 523 563 vita
540 532 694 564 ducenda
711 538 759 564 est
777 524 810 564 in
827 533 903 573 hoc,

211 584 308 616 novis
324 588 360 615 ut
377 594 482 626 usque
498 590 658 626 suppetas
676 584 862 617 laboribus.

168 641 263 680 optat
280 636 428 679 quietem
446 637 582 678 Pelopis
599 636 693 668 infidi
712 643 808 680 pater

212 700 316 732 egens
331 688 497 731 benignae
513 689 676 721 Tantalus
692 700 824 733 semper
838 691 949 734 dapis,

169 747 264 785 optat
282 741 501 774 Prometheus
517 742 687 784 obligatus
703 742 786 781 aliti,

126 792 128 794 ’
214 799 310 838 optat
327 805 485 837 supremo
502 794 669 827 collocare
688 795 853 838 Sisyphus

169 848 204 880 in
220 852 335 880 monte
351 857 467 879 saxum
483 859 491 879 ε
515 847 574 880 sed
590 852 704 880 vetant
720 848 813 890 leges
830 849 932 882 Iovis.

213 900 307 934 voles
322 901 427 933 modo
443 900 520 933 altis
536 900 671 934 desilire
688 902 845 942 turribus,
1078 918 1113 943 70

170 955 275 988 modo
291 967 370 989 ense
385 961 501 1000 pectus
519 956 647 988 Norico
664 956 846 995 recludere,

217 1008 405 1052 frustraque
422 1009 532 1042 vincla
548 1010 673 1052 gutturi
691 1014 804 1042 nectes
821 1014 879 1041 tuo

173 1060 345 1094 fastidiosa
362 1062 466 1094 tristis
482 1063 698 1105 aegrimonia.

218 1115 380 1146 vectabor
395 1115 518 1146 umeris
535 1120 614 1147 tunc
631 1125 694 1157 ego
713 1115 857 1148 inimicis
874 1125 986 1158 eques,

174 1176 335 1208 meaeque
351 1171 439 1198 terra
453 1167 549 1199 cedet
567 1166 774 1199 insolentiae.

218 1229 273 1258 an,
293 1229 379 1261 quae
396 1229 531 1251 movere
547 1229 658 1250 cereas
675 1218 847 1261 imagines,

175 1275 210 1302 ut
228 1271 299 1312 ipse
316 1271 403 1303 nosti
420 1271 578 1309 curiosus,
599 1276 631 1303 et
649 1272 729 1313 polo

219 1323 372 1365 deripere
389 1323 502 1355 lunam
519 1323 657 1355 vocibus
674 1325 799 1366 possim
816 1325 910 1364 meis,

177 1376 303 1418 possim
320 1381 484 1408 crematos
501 1376 646 1408 excitare
664 1382 813 1408 mortuos

221 1428 434 1471 desiderique
451 1433 636 1471 temperare
654 1429 784 1471 pocula,
1081 1437 1116 1463 80

178 1480 307 1524 plorem
324 1481 403 1513 artis
421 1481 454 1514 in
472 1486 504 1514 tc
521 1481 567 1513 nil
584 1481 713 1524 agentis
729 1481 880 1514 exitus?'
