1458 2315
90 133 183 175 XV1.]
418 132 621 164 EPODON
642 132 797 163 LIBER.

1074 145 1130 175 151

226 209 273 244 sis
287 220 410 253 pecore
426 214 460 242 et
475 209 583 242 multa
598 209 694 242 dives
711 201 977 255 tellurefilicebit,

270 263 401 306 tibique
418 263 576 295 Pactolus
592 263 684 302 fluat,
838 257 843 305 ’Ἴ
1097 280 1131 298 20

226 326 290 348 nec
306 320 340 348 te
358 315 570 358 Pythagorae
587 315 705 347 fallant
721 309 845 361 arcana
863 317 982 358 renati,

270 367 447 410 formaque
463 368 578 400 vincas
595 368 710 407 Nirea,

226 419 294 453 heu
309 420 376 453 heu
392 420 573 452 translatos
589 420 656 452 alio
673 419 838 453 maerebis
858 433 990 456 amores
1008 435 1016 456 :

271 477 324 505 ast
340 483 404 516 ego
420 472 567 505 vicissim
584 472 697 506 risero.

94 732 195 766 XVI.
311 732 478 765 LTERA
494 732 561 765 iam
578 732 695 766 teritur
710 732 810 766 bellis
826 732 984 768 civilibus
997 740 1101 776 aetaS,

377 786 445 818 suis
460 791 494 818 et
510 786 583 829 ipsa
599 786 713 818 Roma
728 786 855 818 viribus
873 789 938 820 ruit
958 800 964 821 :

140 848 243 882 quam
258 848 369 882 neque
385 838 520 870 finitimi
537 838 714 871 valuerunt
731 838 874 881 perdere:
893 841 1009 881 Marsi,

183 890 325 924 minacis
341 896 398 923 aut
416 891 558 923 Etrusca
577 892 744 924 Porsenae
761 903 860 924 manu
875 905 893 933 3,

139 943 274 977 aemula
289 954 352 977 nec
367 944 472 977 virtus
490 944 639 987 Capuae,
660 955 722 976 nec
741 945 924 988 Spartacus
941 958 1017 980 acer

183 996 348 1040 novisque
364 997 464 1029 rebus
481 996 627 1030 infidelis
644 997 822 1037 Allobrox,

140 1059 203 1081 nec
220 1048 290 1081 scra
306 1049 460 1081 caerulea
475 1049 607 1081 domuit
625 1050 808 1082 Germania
825 1052 918 1092 pube

184 1102 448 1145 parentibusque
465 1102 678 1134 abominatus
696 1103 875 1136 Hannibal
889 1116 900 1144 3

140 1154 247 1198 impia
261 1154 442 1197 perdemus
457 1154 572 1186 devoti
589 1155 761 1196 sanguinis
777 1160 882 1196 aetas,

186 1206 333 1249 serisque
349 1217 460 1239 rursus
477 1207 698 1250 occupabitur
713 1207 833 1241 solum.
1098 1227 1130 1243 10

141 1259 305 1292 barbarus
321 1259 387 1292 heu
405 1260 533 1292 cineres
549 1260 680 1292 insistet
697 1260 804 1292 victor
820 1266 852 1294 et
877 1261 990 1294 arbem

183 1323 287 1355 eques
302 1317 445 1345 sonante
461 1312 650 1345 verberabit
668 1313 805 1355 ungula,

139 1375 296 1408 quaeque
311 1370 426 1397 carent
442 1365 551 1397 ventis
565 1370 600 1397 et
617 1365 744 1398 solibus
761 1376 837 1398 ossa
855 1366 1001 1408 Quirini,

184 1417 279 1450 nefas
294 1418 408 1450 videre
424 1420 431 1450 !
456 1418 635 1460 dissipabit
653 1418 810 1451 insolens.

139 1469 226 1503 sorte
241 1470 335 1513 quod
351 1471 520 1513 expediat,
541 1471 766 1502 communiter
781 1476 838 1503 aut
854 1472 977 1504 melior
993 1484 1070 1516 pars

184 1523 284 1555 malis
300 1534 412 1556 carere
429 1523 589 1566 quaeritis
606 1523 790 1556 laboribus.

140 1575 234 1607 nulla
250 1576 292 1608 sit
308 1575 373 1608 hac
388 1576 501 1618 potior
517 1576 694 1615 sententia,
717 1576 949 1611 Phocaeorum

184 1627 276 1660 velut
294 1628 441 1671 profugit
459 1633 630 1661 exsecrata
646 1629 763 1661 civitas

139 1690 239 1723 agros
255 1686 356 1723 atque
373 1680 458 1713 lares
474 1681 612 1723 patrios,
633 1681 884 1725 habitandaque
900 1683 980 1716 sana

183 1733 274 1776 apris
291 1733 426 1776 reliquit
443 1739 475 1766 et
493 1734 670 1776 rapacibus
687 1734 787 1777 lupis,
1096 1753 1129 1770 20

138 1785 187 1818 ire
202 1786 307 1828 pedes
323 1797 537 1829 quocumque
552 1786 670 1826 serent,
690 1798 905 1830 quocumque
923 1800 982 1831 per
998 1790 1105 1823 undas

184 1838 298 1871 Notus
314 1839 449 1871 vocabit
466 1844 521 1870 aut
539 1845 715 1881 protervus
733 1839 876 1873 Africus.

138 1890 186 1924 sic
202 1890 325 1934 placet,
346 1901 389 1923 an
407 1890 528 1923 melius
544 1891 618 1933 quis
636 1891 737 1923 habet
755 1892 895 1925 suadere
907 1894 922 1925 ?
944 1894 1091 1927 secunda

182 1949 290 1976 ratem
307 1954 472 1986 occupare
489 1943 568 1985 quid
588 1954 759 1976 moramur
774 1944 853 1977 alite
868 1946 882 1977 Ρ

0 2114 394 2315 L
