<?xml version="1.0" encoding="UTF-8"?>
<!DOCTYPE html PUBLIC "-//W3C//DTD XHTML 1.0 Transitional//EN"
    "http://www.w3.org/TR/xhtml1/DTD/xhtml1-transitional.dtd">
<html xmlns="http://www.w3.org/1999/xhtml" xml:lang="en" lang="en">
 <head>
  <title>
</title>
<meta http-equiv="Content-Type" content="text/html;charset=utf-8" />
  <meta name='ocr-system' content='tesseract 3.04.00' />
  <meta name='ocr-capabilities' content='ocr_page ocr_carea ocr_par ocr_line ocrx_word'/>
</head>
<body>
  <div class='ocr_page' id='page_1' title='image "./operacornish00horauoft_0219.png"; bbox 0 0 1458 2315; ppageno 0'>
   <div class='ocr_carea' id='block_1_1' title="bbox 131 138 1164 181">
    <p class='ocr_par' dir='ltr' id='par_1_1' title="bbox 131 138 1164 181">
     <span class='ocr_line' id='line_1_1' title="bbox 131 138 1164 181; baseline 0.003 -12"><span class='ocrx_word' id='word_1_1' title='bbox 131 138 202 179; x_wconf 89' lang='lat'>111.]</span> <span class='ocrx_word' id='word_1_2' title='bbox 375 140 675 170; x_wconf 78' lang='lat' dir='ltr'><em>SATIRARUM</em></span> <span class='ocrx_word' id='word_1_3' title='bbox 698 141 842 170; x_wconf 80' lang='lat' dir='ltr'><em>LIBER</em></span> <span class='ocrx_word' id='word_1_4' title='bbox 870 142 916 171; x_wconf 87' lang='lat' dir='ltr'><strong>ll.</strong></span> <span class='ocrx_word' id='word_1_5' title='bbox 1105 152 1164 181; x_wconf 90' lang='lat'><strong>203</strong></span> 
     </span>
    </p>
   </div>
   <div class='ocr_carea' id='block_1_2' title="bbox 99 214 1164 1995">
    <p class='ocr_par' dir='ltr' id='par_1_2' title="bbox 129 214 1084 260">
     <span class='ocr_line' id='line_1_2' title="bbox 129 214 1084 260; baseline 0.002 -13"><span class='ocrx_word' id='word_1_6' title='bbox 129 214 329 258; x_wconf 88' lang='lat' dir='ltr'><strong>quantulum</strong></span> <span class='ocrx_word' id='word_1_7' title='bbox 346 215 438 248; x_wconf 88' lang='lat' dir='ltr'><strong>enim</strong></span> <span class='ocrx_word' id='word_1_8' title='bbox 455 227 606 249; x_wconf 87' lang='lat' dir='ltr'><strong>summae</strong></span> <span class='ocrx_word' id='word_1_9' title='bbox 623 216 766 248; x_wconf 80' lang='lat' dir='ltr'>curtabit</span> <span class='ocrx_word' id='word_1_10' title='bbox 783 216 926 260; x_wconf 88' lang='lat' dir='ltr'><strong>quisque</strong></span> <span class='ocrx_word' id='word_1_11' title='bbox 942 217 1084 257; x_wconf 85' lang='lat' dir='ltr'><strong>dierum,</strong></span> 
     </span>
    </p>

    <p class='ocr_par' dir='ltr' id='par_1_3' title="bbox 129 269 880 312">
     <span class='ocr_line' id='line_1_3' title="bbox 129 269 880 312; baseline 0.003 -12"><span class='ocrx_word' id='word_1_12' title='bbox 129 279 278 311; x_wconf 85' lang='lat' dir='ltr'><strong>unguere</strong></span> <span class='ocrx_word' id='word_1_13' title='bbox 293 269 321 301; x_wconf 92' lang='lat' dir='ltr'><strong>si</strong></span> <span class='ocrx_word' id='word_1_14' title='bbox 337 269 443 302; x_wconf 87' lang='lat' dir='ltr'><strong>caulis</strong></span> <span class='ocrx_word' id='word_1_15' title='bbox 460 269 536 302; x_wconf 90' lang='lat' dir='ltr'><strong>oleo</strong></span> <span class='ocrx_word' id='word_1_16' title='bbox 553 269 691 302; x_wconf 87' lang='lat' dir='ltr'><strong>meliore</strong></span> <span class='ocrx_word' id='word_1_17' title='bbox 709 275 880 312; x_wconf 83' lang='lat' dir='ltr'>caputque</span> 
     </span>
    </p>

    <p class='ocr_par' dir='ltr' id='par_1_4' title="bbox 130 321 924 365">
     <span class='ocr_line' id='line_1_4' title="bbox 130 321 924 365; baseline 0.003 -12"><span class='ocrx_word' id='word_1_18' title='bbox 130 321 279 363; x_wconf 86' lang='lat' dir='ltr'>coeperis</span> <span class='ocrx_word' id='word_1_19' title='bbox 295 321 418 364; x_wconf 85' lang='lat' dir='ltr'>inpexa</span> <span class='ocrx_word' id='word_1_20' title='bbox 434 321 570 354; x_wconf 86' lang='lat' dir='ltr'><strong>foedum</strong></span> <span class='ocrx_word' id='word_1_21' title='bbox 587 322 757 364; x_wconf 85' lang='lat' dir='ltr'>porrigine</span> <span class='ocrx_word' id='word_1_22' title='bbox 771 323 785 354; x_wconf 92' lang='lat'>?</span> <span class='ocrx_word' id='word_1_23' title='bbox 808 333 924 365; x_wconf 88' lang='lat' dir='ltr'><strong>quare,</strong></span> 
     </span>
    </p>

    <p class='ocr_par' dir='ltr' id='par_1_5' title="bbox 130 374 964 417">
     <span class='ocr_line' id='line_1_5' title="bbox 130 374 964 417; baseline 0 -11"><span class='ocrx_word' id='word_1_24' title='bbox 130 374 158 406; x_wconf 89' lang='lat' dir='ltr'><strong>si</strong></span> <span class='ocrx_word' id='word_1_25' title='bbox 173 374 306 416; x_wconf 87' lang='lat' dir='ltr'><strong>quidvis</strong></span> <span class='ocrx_word' id='word_1_26' title='bbox 323 375 404 407; x_wconf 87' lang='lat' dir='ltr'><strong>satis</strong></span> <span class='ocrx_word' id='word_1_27' title='bbox 421 379 482 414; x_wconf 90' lang='lat' dir='ltr'><strong>est,</strong></span> <span class='ocrx_word' id='word_1_28' title='bbox 502 375 662 417; x_wconf 87' lang='lat' dir='ltr'><strong>periuras,</strong></span> <span class='ocrx_word' id='word_1_29' title='bbox 683 375 834 417; x_wconf 81' lang='lat' dir='ltr'>surripis,</span> <span class='ocrx_word' id='word_1_30' title='bbox 854 375 964 407; x_wconf 84' lang='lat' dir='ltr'><strong>aufers</strong></span> 
     </span>
    </p>

    <p class='ocr_par' dir='ltr' id='par_1_6' title="bbox 129 427 1030 470">
     <span class='ocr_line' id='line_1_6' title="bbox 129 427 1030 470; baseline 0.001 -11"><span class='ocrx_word' id='word_1_31' title='bbox 129 427 279 469; x_wconf 90' lang='lat' dir='ltr'><strong>undique</strong></span> <span class='ocrx_word' id='word_1_32' title='bbox 291 428 306 459; x_wconf 90' lang='lat'>?</span> <span class='ocrx_word' id='word_1_33' title='bbox 329 432 387 459; x_wconf 90' lang='lat' dir='ltr'><strong>tun</strong></span> <span class='ocrx_word' id='word_1_34' title='bbox 405 438 506 459; x_wconf 88' lang='lat' dir='ltr'><strong>sanus</strong></span> <span class='ocrx_word' id='word_1_35' title='bbox 518 429 533 459; x_wconf 84' lang='lat'>?</span> <span class='ocrx_word' id='word_1_36' title='bbox 556 427 722 470; x_wconf 85' lang='lat' dir='ltr'><strong>populum</strong></span> <span class='ocrx_word' id='word_1_37' title='bbox 739 428 766 459; x_wconf 91' lang='lat' dir='ltr'><strong>si</strong></span> <span class='ocrx_word' id='word_1_38' title='bbox 784 428 925 460; x_wconf 82' lang='lat' dir='ltr'><strong>caedere</strong></span> <span class='ocrx_word' id='word_1_39' title='bbox 941 428 1030 460; x_wconf 83' lang='lat' dir='ltr'><strong>saxis</strong></span> 
     </span>
    </p>

    <p class='ocr_par' dir='ltr' id='par_1_7' title="bbox 130 479 884 523">
     <span class='ocr_line' id='line_1_7' title="bbox 130 479 884 523; baseline 0.001 -12"><span class='ocrx_word' id='word_1_40' title='bbox 130 479 273 522; x_wconf 80' lang='lat' dir='ltr'>incipias</span> <span class='ocrx_word' id='word_1_41' title='bbox 289 490 454 519; x_wconf 83' lang='lat' dir='ltr'><strong>servosve,</strong></span> <span class='ocrx_word' id='word_1_42' title='bbox 476 486 534 512; x_wconf 87' lang='lat' dir='ltr'><strong>tuo</strong></span> <span class='ocrx_word' id='word_1_43' title='bbox 551 491 635 523; x_wconf 89' lang='lat' dir='ltr'><strong>quos</strong></span> <span class='ocrx_word' id='word_1_44' title='bbox 653 491 730 513; x_wconf 88' lang='lat' dir='ltr'><strong>aere</strong></span> <span class='ocrx_word' id='word_1_45' title='bbox 746 481 884 523; x_wconf 82' lang='lat' dir='ltr'><strong>pararis,</strong></span> 
     </span>
    </p>

    <p class='ocr_par' dir='ltr' id='par_1_8' title="bbox 130 532 1126 576">
     <span class='ocr_line' id='line_1_8' title="bbox 130 532 1126 576; baseline 0.002 -12"><span class='ocrx_word' id='word_1_46' title='bbox 130 532 285 575; x_wconf 83' lang='lat' dir='ltr'><strong>insanum</strong></span> <span class='ocrx_word' id='word_1_47' title='bbox 303 537 336 564; x_wconf 88' lang='lat' dir='ltr'><strong>te</strong></span> <span class='ocrx_word' id='word_1_48' title='bbox 352 544 469 565; x_wconf 87' lang='lat' dir='ltr'><strong>omnes</strong></span> <span class='ocrx_word' id='word_1_49' title='bbox 487 534 581 575; x_wconf 89' lang='lat' dir='ltr'><strong>pueri</strong></span> <span class='ocrx_word' id='word_1_50' title='bbox 598 533 812 576; x_wconf 82' lang='lat' dir='ltr'><strong>clamentque</strong></span> <span class='ocrx_word' id='word_1_51' title='bbox 827 534 959 576; x_wconf 85' lang='lat' dir='ltr'><strong>puellae</strong></span> <span class='ocrx_word' id='word_1_52' title='bbox 978 546 985 566; x_wconf 92' lang='lat'>:</span> <span class='ocrx_word' id='word_1_53' title='bbox 1116 550 1126 566; x_wconf 74' lang='grc' dir='ltr'><em>ι</em></span> 
     </span>
    </p>

    <p class='ocr_par' dir='ltr' id='par_1_9' title="bbox 131 585 1069 629">
     <span class='ocr_line' id='line_1_9' title="bbox 131 585 1069 629; baseline 0.004 -13"><span class='ocrx_word' id='word_1_54' title='bbox 131 595 207 617; x_wconf 91' lang='lat' dir='ltr'><strong>cum</strong></span> <span class='ocrx_word' id='word_1_55' title='bbox 223 585 345 628; x_wconf 91' lang='lat' dir='ltr'><strong>laqueo</strong></span> <span class='ocrx_word' id='word_1_56' title='bbox 359 596 497 618; x_wconf 83' lang='lat' dir='ltr'><strong>uxorem</strong></span> <span class='ocrx_word' id='word_1_57' title='bbox 515 587 685 618; x_wconf 87' lang='lat' dir='ltr'><strong>interemis</strong></span> <span class='ocrx_word' id='word_1_58' title='bbox 702 594 910 629; x_wconf 87' lang='lat' dir='ltr'><strong>matremque</strong></span> <span class='ocrx_word' id='word_1_59' title='bbox 926 598 1069 626; x_wconf 84' lang='lat' dir='ltr'><strong>veneno,</strong></span> 
     </span>
    </p>

    <p class='ocr_par' dir='ltr' id='par_1_10' title="bbox 131 637 1164 734">
     <span class='ocr_line' id='line_1_10' title="bbox 131 637 1164 682; baseline 0.004 -13"><span class='ocrx_word' id='word_1_60' title='bbox 131 637 291 670; x_wconf 87' lang='lat' dir='ltr'><strong>incolumi</strong></span> <span class='ocrx_word' id='word_1_61' title='bbox 317 638 426 681; x_wconf 86' lang='lat' dir='ltr'><strong>capite</strong></span> <span class='ocrx_word' id='word_1_62' title='bbox 451 640 513 671; x_wconf 87' lang='lat' dir='ltr'><strong>es?</strong></span> <span class='ocrx_word' id='word_1_63' title='bbox 547 639 630 681; x_wconf 87' lang='lat' dir='ltr'><strong>quid</strong></span> <span class='ocrx_word' id='word_1_64' title='bbox 654 640 769 671; x_wconf 83' lang='lat' dir='ltr'><strong>enim?</strong></span> <span class='ocrx_word' id='word_1_65' title='bbox 799 650 909 682; x_wconf 87' lang='lat' dir='ltr'><strong>neque</strong></span> <span class='ocrx_word' id='word_1_66' title='bbox 934 645 968 672; x_wconf 88' lang='lat' dir='ltr'><strong>tu</strong></span> <span class='ocrx_word' id='word_1_67' title='bbox 993 640 1058 673; x_wconf 92' lang='lat' dir='ltr'><strong>hoc</strong></span> <span class='ocrx_word' id='word_1_68' title='bbox 1083 640 1164 672; x_wconf 83' lang='lat' dir='ltr'><strong>facis</strong></span> 
     </span>
     <span class='ocr_line' id='line_1_11' title="bbox 262 691 376 734; baseline 0.009 -12"><span class='ocrx_word' id='word_1_69' title='bbox 262 691 376 734; x_wconf 86' lang='lat' dir='ltr'><strong>Argis,</strong></span> 
     </span>
    </p>

    <p class='ocr_par' dir='ltr' id='par_1_11' title="bbox 130 743 1032 787">
     <span class='ocr_line' id='line_1_12' title="bbox 130 743 1032 787; baseline 0.003 -12"><span class='ocrx_word' id='word_1_70' title='bbox 130 753 193 776; x_wconf 88' lang='lat' dir='ltr'><strong>nec</strong></span> <span class='ocrx_word' id='word_1_71' title='bbox 207 743 294 776; x_wconf 84' lang='lat' dir='ltr'><strong>ferro</strong></span> <span class='ocrx_word' id='word_1_72' title='bbox 310 749 346 776; x_wconf 85' lang='lat' dir='ltr'><strong>ut</strong></span> <span class='ocrx_word' id='word_1_73' title='bbox 363 744 502 777; x_wconf 88' lang='lat' dir='ltr'><strong>demens</strong></span> <span class='ocrx_word' id='word_1_74' title='bbox 518 745 723 787; x_wconf 82' lang='lat' dir='ltr'><strong>genetricem</strong></span> <span class='ocrx_word' id='word_1_75' title='bbox 740 745 866 778; x_wconf 89' lang='lat' dir='ltr'><strong>occidis</strong></span> <span class='ocrx_word' id='word_1_76' title='bbox 885 745 1032 778; x_wconf 77' lang='lat' dir='ltr'><strong>Orestes.</strong></span> 
     </span>
    </p>

    <p class='ocr_par' dir='ltr' id='par_1_12' title="bbox 130 795 890 840">
     <span class='ocr_line' id='line_1_13' title="bbox 130 795 890 840; baseline 0.003 -13"><span class='ocrx_word' id='word_1_77' title='bbox 130 806 175 827; x_wconf 87' lang='lat' dir='ltr'><strong>an</strong></span> <span class='ocrx_word' id='word_1_78' title='bbox 191 800 227 828; x_wconf 87' lang='lat' dir='ltr'><strong>tu</strong></span> <span class='ocrx_word' id='word_1_79' title='bbox 243 795 324 828; x_wconf 92' lang='lat' dir='ltr'><strong>reris</strong></span> <span class='ocrx_word' id='word_1_80' title='bbox 340 807 417 828; x_wconf 91' lang='lat' dir='ltr'><strong>eum</strong></span> <span class='ocrx_word' id='word_1_81' title='bbox 433 797 545 829; x_wconf 87' lang='lat' dir='ltr'><strong>occisa</strong></span> <span class='ocrx_word' id='word_1_82' title='bbox 560 797 723 829; x_wconf 79' lang='lat' dir='ltr'><strong>insanisse</strong></span> <span class='ocrx_word' id='word_1_83' title='bbox 741 802 890 840; x_wconf 86' lang='lat' dir='ltr'><strong>parente,</strong></span> 
     </span>
    </p>

    <p class='ocr_par' dir='ltr' id='par_1_13' title="bbox 130 843 1049 893">
     <span class='ocr_line' id='line_1_14' title="bbox 130 843 1049 893; baseline 0.002 -13"><span class='ocrx_word' id='word_1_84' title='bbox 130 858 170 880; x_wconf 86' lang='lat' dir='ltr'><strong>ac</strong></span> <span class='ocrx_word' id='word_1_85' title='bbox 185 843 348 880; x_wconf 50' lang='lat' dir='ltr'><strong>non&#39;ante</strong></span> <span class='ocrx_word' id='word_1_86' title='bbox 365 848 463 881; x_wconf 84' lang='lat' dir='ltr'><strong>malis</strong></span> <span class='ocrx_word' id='word_1_87' title='bbox 477 849 672 882; x_wconf 83' lang='lat' dir='ltr'><strong>dementem</strong></span> <span class='ocrx_word' id='word_1_88' title='bbox 688 855 801 882; x_wconf 85' lang='lat' dir='ltr'><strong>actum</strong></span> <span class='ocrx_word' id='word_1_89' title='bbox 819 850 929 882; x_wconf 88' lang='lat' dir='ltr'><strong>Furiis</strong></span> <span class='ocrx_word' id='word_1_90' title='bbox 946 861 1049 893; x_wconf 86' lang='lat' dir='ltr'><strong>quam</strong></span> 
     </span>
    </p>

    <p class='ocr_par' dir='ltr' id='par_1_14' title="bbox 131 900 920 945">
     <span class='ocr_line' id='line_1_15' title="bbox 131 900 920 945; baseline 0.004 -13"><span class='ocrx_word' id='word_1_91' title='bbox 131 900 166 932; x_wconf 91' lang='lat' dir='ltr'><strong>in</strong></span> <span class='ocrx_word' id='word_1_92' title='bbox 183 901 298 934; x_wconf 85' lang='lat' dir='ltr'><strong>matris</strong></span> <span class='ocrx_word' id='word_1_93' title='bbox 314 902 429 944; x_wconf 87' lang='lat' dir='ltr'><strong>iugulo</strong></span> <span class='ocrx_word' id='word_1_94' title='bbox 445 902 568 934; x_wconf 87' lang='lat' dir='ltr'><strong>ferrum</strong></span> <span class='ocrx_word' id='word_1_95' title='bbox 585 903 741 945; x_wconf 83' lang='lat' dir='ltr'><strong>tepefecit</strong></span> <span class='ocrx_word' id='word_1_96' title='bbox 758 908 893 935; x_wconf 85' lang='lat' dir='ltr'><strong>acutum</strong></span> <span class='ocrx_word' id='word_1_97' title='bbox 905 905 920 935; x_wconf 88' lang='lat'>?</span> 
     </span>
    </p>

    <p class='ocr_par' dir='ltr' id='par_1_15' title="bbox 131 953 1103 996">
     <span class='ocr_line' id='line_1_16' title="bbox 131 953 1103 996; baseline 0.003 -12"><span class='ocrx_word' id='word_1_98' title='bbox 131 953 223 995; x_wconf 88' lang='lat' dir='ltr'><strong>quin,</strong></span> <span class='ocrx_word' id='word_1_99' title='bbox 243 964 283 985; x_wconf 89' lang='lat' dir='ltr'><strong>ex</strong></span> <span class='ocrx_word' id='word_1_100' title='bbox 301 964 368 996; x_wconf 93' lang='lat' dir='ltr'><strong>quo</strong></span> <span class='ocrx_word' id='word_1_101' title='bbox 385 959 434 987; x_wconf 88' lang='lat' dir='ltr'><strong>est</strong></span> <span class='ocrx_word' id='word_1_102' title='bbox 450 954 586 986; x_wconf 85' lang='lat' dir='ltr'><strong>habitus</strong></span> <span class='ocrx_word' id='word_1_103' title='bbox 600 954 689 987; x_wconf 90' lang='lat' dir='ltr'><strong>male</strong></span> <span class='ocrx_word' id='word_1_104' title='bbox 706 959 797 987; x_wconf 88' lang='lat' dir='ltr'><strong>tutae</strong></span> <span class='ocrx_word' id='word_1_105' title='bbox 814 955 936 987; x_wconf 85' lang='lat' dir='ltr'><strong>mentis</strong></span> <span class='ocrx_word' id='word_1_106' title='bbox 954 955 1103 995; x_wconf 79' lang='lat' dir='ltr'><strong>Orestes,</strong></span> 
     </span>
    </p>

    <p class='ocr_par' dir='ltr' id='par_1_16' title="bbox 131 1005 895 1050">
     <span class='ocr_line' id='line_1_17' title="bbox 131 1005 895 1050; baseline 0.004 -13"><span class='ocrx_word' id='word_1_107' title='bbox 131 1005 180 1037; x_wconf 86' lang='lat' dir='ltr'><strong>nil</strong></span> <span class='ocrx_word' id='word_1_108' title='bbox 196 1016 276 1038; x_wconf 87' lang='lat' dir='ltr'><strong>sane</strong></span> <span class='ocrx_word' id='word_1_109' title='bbox 292 1006 369 1039; x_wconf 84' lang='lat' dir='ltr'><strong>fecit</strong></span> <span class='ocrx_word' id='word_1_110' title='bbox 386 1007 477 1049; x_wconf 86' lang='lat' dir='ltr'><strong>quod</strong></span> <span class='ocrx_word' id='word_1_111' title='bbox 493 1012 529 1039; x_wconf 92' lang='lat' dir='ltr'><strong>tu</strong></span> <span class='ocrx_word' id='word_1_112' title='bbox 543 1008 744 1050; x_wconf 85' lang='lat' dir='ltr'><strong>reprendere</strong></span> <span class='ocrx_word' id='word_1_113' title='bbox 762 1008 869 1050; x_wconf 89' lang='lat' dir='ltr'><strong>possis</strong></span> <span class='ocrx_word' id='word_1_114' title='bbox 889 1020 895 1040; x_wconf 81' lang='lat' dir='ltr'><strong><em>z</em></strong></span> 
     </span>
    </p>

    <p class='ocr_par' dir='ltr' id='par_1_17' title="bbox 99 1058 1005 1100">
     <span class='ocr_line' id='line_1_18' title="bbox 99 1058 1005 1100; baseline 0.003 -11"><span class='ocrx_word' id='word_1_115' title='bbox 99 1073 102 1077; x_wconf 52' lang='lat'><strong>⁴</strong></span> <span class='ocrx_word' id='word_1_116' title='bbox 131 1068 200 1089; x_wconf 92' lang='lat' dir='ltr'><strong>non</strong></span> <span class='ocrx_word' id='word_1_117' title='bbox 218 1058 369 1100; x_wconf 86' lang='lat' dir='ltr'><strong>Pyladen</strong></span> <span class='ocrx_word' id='word_1_118' title='bbox 386 1059 472 1091; x_wconf 85' lang='lat' dir='ltr'><strong>ferro</strong></span> <span class='ocrx_word' id='word_1_119' title='bbox 488 1060 614 1092; x_wconf 89' lang='lat' dir='ltr'><strong>violare</strong></span> <span class='ocrx_word' id='word_1_120' title='bbox 631 1071 773 1092; x_wconf 86' lang='lat' dir='ltr'><strong>aususve</strong></span> <span class='ocrx_word' id='word_1_121' title='bbox 789 1071 939 1093; x_wconf 88' lang='lat' dir='ltr'><strong>sororem</strong></span> <span class='ocrx_word' id='word_1_122' title='bbox 955 1065 1005 1093; x_wconf 89' lang='lat' dir='ltr'><strong>est</strong></span> 
     </span>
    </p>

    <p class='ocr_par' dir='ltr' id='par_1_18' title="bbox 134 1110 1164 1154">
     <span class='ocr_line' id='line_1_19' title="bbox 134 1110 1164 1154; baseline 0.003 -12"><span class='ocrx_word' id='word_1_123' title='bbox 134 1110 303 1142; x_wconf 87' lang='lat' dir='ltr'><strong>Electram</strong></span> <span class='ocrx_word' id='word_1_124' title='bbox 318 1123 326 1150; x_wconf 90' lang='lat'>;</span> <span class='ocrx_word' id='word_1_125' title='bbox 350 1116 481 1143; x_wconf 85' lang='lat' dir='ltr'><strong>tantum</strong></span> <span class='ocrx_word' id='word_1_126' title='bbox 499 1112 671 1144; x_wconf 80' lang='lat' dir='ltr'><strong>maledicit</strong></span> <span class='ocrx_word' id='word_1_127' title='bbox 690 1113 822 1154; x_wconf 88' lang='lat' dir='ltr'><strong>utrique</strong></span> <span class='ocrx_word' id='word_1_128' title='bbox 840 1114 995 1145; x_wconf 86' lang='lat' dir='ltr'><strong>vocando</strong></span> <span class='ocrx_word' id='word_1_129' title='bbox 1115 1129 1164 1152; x_wconf 80' lang='lat'><strong>140</strong></span> 
     </span>
    </p>

    <p class='ocr_par' dir='ltr' id='par_1_19' title="bbox 132 1162 1137 1206">
     <span class='ocr_line' id='line_1_20' title="bbox 132 1162 1137 1206; baseline 0.004 -12"><span class='ocrx_word' id='word_1_130' title='bbox 132 1162 220 1195; x_wconf 87' lang='lat' dir='ltr'><strong>hanc</strong></span> <span class='ocrx_word' id='word_1_131' title='bbox 237 1163 384 1202; x_wconf 82' lang='lat' dir='ltr'><strong>Furiam,</strong></span> <span class='ocrx_word' id='word_1_132' title='bbox 405 1163 494 1196; x_wconf 86' lang='lat' dir='ltr'><strong>hunc</strong></span> <span class='ocrx_word' id='word_1_133' title='bbox 511 1164 614 1203; x_wconf 90' lang='lat' dir='ltr'><strong>aliud,</strong></span> <span class='ocrx_word' id='word_1_134' title='bbox 635 1164 729 1196; x_wconf 90' lang='lat' dir='ltr'><strong>iussit</strong></span> <span class='ocrx_word' id='word_1_135' title='bbox 746 1165 838 1206; x_wconf 88' lang='lat' dir='ltr'><strong>quod</strong></span> <span class='ocrx_word' id='word_1_136' title='bbox 854 1165 1033 1206; x_wconf 87' lang='lat' dir='ltr'><strong>splendida</strong></span> <span class='ocrx_word' id='word_1_137' title='bbox 1049 1165 1137 1199; x_wconf 85' lang='lat' dir='ltr'><strong>bilis.</strong></span> 
     </span>
    </p>

    <p class='ocr_par' dir='ltr' id='par_1_20' title="bbox 133 1216 950 1258">
     <span class='ocr_line' id='line_1_21' title="bbox 133 1216 950 1258; baseline 0.001 -11"><span class='ocrx_word' id='word_1_138' title='bbox 133 1226 259 1258; x_wconf 81' lang='lat' dir='ltr'><strong>pauper</strong></span> <span class='ocrx_word' id='word_1_139' title='bbox 277 1216 433 1257; x_wconf 83' lang='lat' dir='ltr'><strong>Opimius</strong></span> <span class='ocrx_word' id='word_1_140' title='bbox 449 1217 576 1258; x_wconf 86' lang='lat' dir='ltr'><strong>argenti</strong></span> <span class='ocrx_word' id='word_1_141' title='bbox 595 1217 695 1258; x_wconf 86' lang='lat' dir='ltr'><strong>positi</strong></span> <span class='ocrx_word' id='word_1_142' title='bbox 713 1217 802 1248; x_wconf 85' lang='lat' dir='ltr'><strong>intus</strong></span> <span class='ocrx_word' id='word_1_143' title='bbox 819 1222 851 1248; x_wconf 88' lang='lat' dir='ltr'><strong>et</strong></span> <span class='ocrx_word' id='word_1_144' title='bbox 868 1217 950 1257; x_wconf 88' lang='lat' dir='ltr'><strong>auri,</strong></span> 
     </span>
    </p>

    <p class='ocr_par' dir='ltr' id='par_1_21' title="bbox 133 1268 814 1311">
     <span class='ocr_line' id='line_1_22' title="bbox 133 1268 814 1311; baseline 0.003 -12"><span class='ocrx_word' id='word_1_145' title='bbox 133 1269 190 1310; x_wconf 89' lang='lat' dir='ltr'><strong>qui</strong></span> <span class='ocrx_word' id='word_1_146' title='bbox 209 1268 433 1300; x_wconf 82' lang='lat' dir='ltr'><strong>Veientanum</strong></span> <span class='ocrx_word' id='word_1_147' title='bbox 451 1268 543 1300; x_wconf 85' lang='lat' dir='ltr'><strong>sestis</strong></span> <span class='ocrx_word' id='word_1_148' title='bbox 559 1275 676 1311; x_wconf 83' lang='lat' dir='ltr'><strong>potare</strong></span> <span class='ocrx_word' id='word_1_149' title='bbox 694 1269 814 1301; x_wconf 86' lang='lat' dir='ltr'><strong>diebus</strong></span> 
     </span>
    </p>

    <p class='ocr_par' dir='ltr' id='par_1_22' title="bbox 134 1320 969 1364">
     <span class='ocr_line' id='line_1_23' title="bbox 134 1320 969 1364; baseline 0 -10"><span class='ocrx_word' id='word_1_150' title='bbox 134 1321 310 1363; x_wconf 87' lang='lat' dir='ltr'><strong>Campana</strong></span> <span class='ocrx_word' id='word_1_151' title='bbox 326 1320 443 1353; x_wconf 87' lang='lat' dir='ltr'><strong>solitus</strong></span> <span class='ocrx_word' id='word_1_152' title='bbox 459 1321 559 1353; x_wconf 89' lang='lat' dir='ltr'><strong>trulla</strong></span> <span class='ocrx_word' id='word_1_153' title='bbox 575 1332 787 1364; x_wconf 80' lang='lat' dir='ltr'><strong>vappamque</strong></span> <span class='ocrx_word' id='word_1_154' title='bbox 804 1322 969 1364; x_wconf 84' lang='lat' dir='ltr'><strong>profestis,</strong></span> 
     </span>
    </p>

    <p class='ocr_par' dir='ltr' id='par_1_23' title="bbox 132 1373 1052 1416">
     <span class='ocr_line' id='line_1_24' title="bbox 132 1373 1052 1416; baseline 0.003 -11"><span class='ocrx_word' id='word_1_155' title='bbox 132 1374 305 1416; x_wconf 88' lang='lat' dir='ltr'><strong>quondam</strong></span> <span class='ocrx_word' id='word_1_156' title='bbox 323 1373 475 1416; x_wconf 79' lang='lat' dir='ltr'><strong>lethargo</strong></span> <span class='ocrx_word' id='word_1_157' title='bbox 490 1374 608 1416; x_wconf 87' lang='lat' dir='ltr'><strong>grandi</strong></span> <span class='ocrx_word' id='word_1_158' title='bbox 626 1379 675 1406; x_wconf 87' lang='lat' dir='ltr'><strong>est</strong></span> <span class='ocrx_word' id='word_1_159' title='bbox 693 1385 882 1416; x_wconf 84' lang='lat' dir='ltr'><strong>oppressus,</strong></span> <span class='ocrx_word' id='word_1_160' title='bbox 903 1381 938 1407; x_wconf 88' lang='lat' dir='ltr'><strong>ut</strong></span> <span class='ocrx_word' id='word_1_161' title='bbox 956 1375 1052 1408; x_wconf 87' lang='lat' dir='ltr'><strong>heres</strong></span> 
     </span>
    </p>

    <p class='ocr_par' dir='ltr' id='par_1_24' title="bbox 132 1426 970 1470">
     <span class='ocr_line' id='line_1_25' title="bbox 132 1426 970 1470; baseline 0.002 -12"><span class='ocrx_word' id='word_1_162' title='bbox 132 1427 200 1458; x_wconf 90' lang='lat' dir='ltr'><strong>iam</strong></span> <span class='ocrx_word' id='word_1_163' title='bbox 217 1426 340 1458; x_wconf 91' lang='lat' dir='ltr'><strong>circum</strong></span> <span class='ocrx_word' id='word_1_164' title='bbox 358 1426 485 1458; x_wconf 90' lang='lat' dir='ltr'><strong>loculos</strong></span> <span class='ocrx_word' id='word_1_165' title='bbox 501 1431 534 1458; x_wconf 87' lang='lat' dir='ltr'><strong>et</strong></span> <span class='ocrx_word' id='word_1_166' title='bbox 551 1426 654 1459; x_wconf 82' lang='lat' dir='ltr'><strong>clavis</strong></span> <span class='ocrx_word' id='word_1_167' title='bbox 674 1427 780 1459; x_wconf 87' lang='lat' dir='ltr'><strong>laetus</strong></span> <span class='ocrx_word' id='word_1_168' title='bbox 797 1438 970 1470; x_wconf 85' lang='lat' dir='ltr'><strong>ovansque</strong></span> 
     </span>
    </p>

    <p class='ocr_par' dir='ltr' id='par_1_25' title="bbox 133 1478 1104 1523">
     <span class='ocr_line' id='line_1_26' title="bbox 133 1478 1104 1523; baseline 0.003 -13"><span class='ocrx_word' id='word_1_169' title='bbox 133 1483 289 1511; x_wconf 82' lang='lat' dir='ltr'><strong>curreret.</strong></span> <span class='ocrx_word' id='word_1_170' title='bbox 338 1478 426 1510; x_wconf 86' lang='lat' dir='ltr'><strong>hunc</strong></span> <span class='ocrx_word' id='word_1_171' title='bbox 443 1479 593 1511; x_wconf 85' lang='lat' dir='ltr'><strong>medicus</strong></span> <span class='ocrx_word' id='word_1_172' title='bbox 611 1479 753 1511; x_wconf 85' lang='lat' dir='ltr'><strong>multum</strong></span> <span class='ocrx_word' id='word_1_173' title='bbox 770 1480 859 1512; x_wconf 89' lang='lat' dir='ltr'><strong>celer</strong></span> <span class='ocrx_word' id='word_1_174' title='bbox 878 1485 978 1523; x_wconf 81' lang='lat' dir='ltr'><strong>atque</strong></span> <span class='ocrx_word' id='word_1_175' title='bbox 996 1480 1104 1514; x_wconf 76' lang='lat' dir='ltr'><strong>fidelis</strong></span> 
     </span>
    </p>

    <p class='ocr_par' dir='ltr' id='par_1_26' title="bbox 132 1530 984 1575">
     <span class='ocr_line' id='line_1_27' title="bbox 132 1530 984 1575; baseline 0.004 -13"><span class='ocrx_word' id='word_1_176' title='bbox 132 1531 256 1563; x_wconf 87' lang='lat' dir='ltr'><strong>excitat</strong></span> <span class='ocrx_word' id='word_1_177' title='bbox 272 1530 337 1562; x_wconf 89' lang='lat' dir='ltr'><strong>hoc</strong></span> <span class='ocrx_word' id='word_1_178' title='bbox 354 1535 454 1572; x_wconf 87' lang='lat' dir='ltr'><strong>pacto</strong></span> <span class='ocrx_word' id='word_1_179' title='bbox 473 1543 480 1562; x_wconf 75' lang='grc' dir='ltr'><strong><em>ι</em></strong></span> <span class='ocrx_word' id='word_1_180' title='bbox 504 1542 654 1563; x_wconf 80' lang='lat' dir='ltr'><strong>mensam</strong></span> <span class='ocrx_word' id='word_1_181' title='bbox 673 1532 753 1574; x_wconf 86' lang='lat' dir='ltr'><strong>poni</strong></span> <span class='ocrx_word' id='word_1_182' title='bbox 772 1532 864 1564; x_wconf 86' lang='lat' dir='ltr'><strong>iubet</strong></span> <span class='ocrx_word' id='word_1_183' title='bbox 882 1538 984 1575; x_wconf 83' lang='lat' dir='ltr'><strong>atque</strong></span> 
     </span>
    </p>

    <p class='ocr_par' dir='ltr' id='par_1_27' title="bbox 131 1583 1163 1627">
     <span class='ocr_line' id='line_1_28' title="bbox 131 1583 1163 1627; baseline 0.003 -12"><span class='ocrx_word' id='word_1_184' title='bbox 131 1583 258 1616; x_wconf 77' lang='lat' dir='ltr'><strong>effundi</strong></span> <span class='ocrx_word' id='word_1_185' title='bbox 275 1593 389 1615; x_wconf 86' lang='lat' dir='ltr'><strong>saccos</strong></span> <span class='ocrx_word' id='word_1_186' title='bbox 406 1593 630 1623; x_wconf 83' lang='lat' dir='ltr'><strong>nummorum,</strong></span> <span class='ocrx_word' id='word_1_187' title='bbox 651 1584 810 1616; x_wconf 86' lang='lat' dir='ltr'><strong>accedere</strong></span> <span class='ocrx_word' id='word_1_188' title='bbox 827 1583 931 1627; x_wconf 88' lang='lat' dir='ltr'><strong>pluris</strong></span> <span class='ocrx_word' id='word_1_189' title='bbox 1115 1601 1163 1627; x_wconf 74' lang='lat'><strong>¹49</strong></span> 
     </span>
    </p>

    <p class='ocr_par' dir='ltr' id='par_1_28' title="bbox 131 1635 1127 1679">
     <span class='ocr_line' id='line_1_29' title="bbox 131 1635 1127 1679; baseline 0.004 -12"><span class='ocrx_word' id='word_1_190' title='bbox 131 1636 174 1667; x_wconf 92' lang='lat' dir='ltr'><strong>ad</strong></span> <span class='ocrx_word' id='word_1_191' title='bbox 192 1635 436 1667; x_wconf 87' lang='lat' dir='ltr'><strong>numerandum</strong></span> <span class='ocrx_word' id='word_1_192' title='bbox 453 1646 459 1667; x_wconf 92' lang='lat'>:</span> <span class='ocrx_word' id='word_1_193' title='bbox 485 1635 654 1668; x_wconf 82' lang='lat' dir='ltr'><strong>hominem</strong></span> <span class='ocrx_word' id='word_1_194' title='bbox 673 1637 719 1668; x_wconf 90' lang='lat' dir='ltr'><strong>sic</strong></span> <span class='ocrx_word' id='word_1_195' title='bbox 736 1637 843 1679; x_wconf 82' lang='lat' dir='ltr'><strong>erigit.</strong></span> <span class='ocrx_word' id='word_1_196' title='bbox 871 1637 965 1670; x_wconf 84' lang='lat' dir='ltr'><strong>addit</strong></span> <span class='ocrx_word' id='word_1_197' title='bbox 983 1641 1014 1670; x_wconf 89' lang='lat' dir='ltr'><strong>et</strong></span> <span class='ocrx_word' id='word_1_198' title='bbox 1032 1637 1127 1679; x_wconf 90' lang='lat' dir='ltr'><strong>illud,</strong></span> 
     </span>
    </p>

    <p class='ocr_par' dir='ltr' id='par_1_29' title="bbox 135 1687 1042 1726">
     <span class='ocr_line' id='line_1_30' title="bbox 135 1687 1042 1726; baseline 0.004 -8"><span class='ocrx_word' id='word_1_199' title='bbox 135 1687 190 1719; x_wconf 88' lang='lat' dir='ltr'><strong>‘ni</strong></span> <span class='ocrx_word' id='word_1_200' title='bbox 209 1692 265 1719; x_wconf 84' lang='lat' dir='ltr'><strong>tua</strong></span> <span class='ocrx_word' id='word_1_201' title='bbox 280 1687 440 1726; x_wconf 75' lang='lat' dir='ltr'><strong>custodis,</strong></span> <span class='ocrx_word' id='word_1_202' title='bbox 460 1687 577 1719; x_wconf 82' lang='lat' dir='ltr'><strong>avidus</strong></span> <span class='ocrx_word' id='word_1_203' title='bbox 595 1689 660 1720; x_wconf 78' lang='lat' dir='ltr'><strong>iam</strong></span> <span class='ocrx_word' id='word_1_204' title='bbox 678 1689 761 1721; x_wconf 84' lang='lat' dir='ltr'><strong>haec</strong></span> <span class='ocrx_word' id='word_1_205' title='bbox 778 1689 904 1722; x_wconf 84' lang='lat' dir='ltr'><strong>auferet</strong></span> <span class='ocrx_word' id='word_1_206' title='bbox 921 1689 1042 1723; x_wconf 85' lang='lat' dir='ltr'><strong>heres.’</strong></span> 
     </span>
    </p>

    <p class='ocr_par' dir='ltr' id='par_1_30' title="bbox 135 1738 1162 1824">
     <span class='ocr_line' id='line_1_31' title="bbox 135 1738 1162 1786; baseline 0.005 -15"><span class='ocrx_word' id='word_1_207' title='bbox 135 1740 233 1772; x_wconf 88' lang='lat' dir='ltr'><strong>‘men</strong></span> <span class='ocrx_word' id='word_1_208' title='bbox 251 1738 369 1772; x_wconf 86' lang='lat' dir='ltr'><strong>vivo?’</strong></span> <span class='ocrx_word' id='word_1_209' title='bbox 400 1740 408 1755; x_wconf 92' lang='lat'>‘</span> <span class='ocrx_word' id='word_1_210' title='bbox 420 1745 454 1772; x_wconf 89' lang='lat' dir='ltr'><strong>ut</strong></span> <span class='ocrx_word' id='word_1_211' title='bbox 472 1740 564 1772; x_wconf 85' lang='lat' dir='ltr'><strong>vivas</strong></span> <span class='ocrx_word' id='word_1_212' title='bbox 582 1741 691 1783; x_wconf 81' lang='lat' dir='ltr'><strong>igitur,</strong></span> <span class='ocrx_word' id='word_1_213' title='bbox 714 1742 827 1783; x_wconf 80' lang='lat' dir='ltr'><strong>vigila.</strong></span> <span class='ocrx_word' id='word_1_214' title='bbox 855 1742 918 1775; x_wconf 93' lang='lat' dir='ltr'><strong>hoc</strong></span> <span class='ocrx_word' id='word_1_215' title='bbox 936 1741 1023 1785; x_wconf 84' lang='lat' dir='ltr'><strong>age.’</strong></span> <span class='ocrx_word' id='word_1_216' title='bbox 1060 1743 1162 1786; x_wconf 87' lang='lat' dir='ltr'><strong>‘quid</strong></span> 
     </span>
     <span class='ocr_line' id='line_1_32' title="bbox 264 1790 357 1824; baseline 0.022 -1"><span class='ocrx_word' id='word_1_217' title='bbox 264 1792 335 1824; x_wconf 86' lang='lat' dir='ltr'><strong>vis?</strong></span> <span class='ocrx_word' id='word_1_218' title='bbox 350 1790 357 1805; x_wconf 93' lang='lat'>’</span> 
     </span>
    </p>

    <p class='ocr_par' dir='ltr' id='par_1_31' title="bbox 135 1843 930 1890">
     <span class='ocr_line' id='line_1_33' title="bbox 135 1843 930 1890; baseline 0.005 -15"><span class='ocrx_word' id='word_1_219' title='bbox 135 1843 144 1859; x_wconf 94' lang='lat'>‘</span> <span class='ocrx_word' id='word_1_220' title='bbox 157 1843 315 1876; x_wconf 85' lang='lat' dir='ltr'><strong>deficient</strong></span> <span class='ocrx_word' id='word_1_221' title='bbox 331 1844 467 1887; x_wconf 87' lang='lat' dir='ltr'><strong>inopem</strong></span> <span class='ocrx_word' id='word_1_222' title='bbox 484 1856 588 1877; x_wconf 86' lang='lat' dir='ltr'><strong>venae</strong></span> <span class='ocrx_word' id='word_1_223' title='bbox 605 1849 647 1884; x_wconf 87' lang='lat' dir='ltr'><strong>te,</strong></span> <span class='ocrx_word' id='word_1_224' title='bbox 669 1847 702 1877; x_wconf 90' lang='lat' dir='ltr'><strong>ni</strong></span> <span class='ocrx_word' id='word_1_225' title='bbox 720 1847 814 1879; x_wconf 82' lang='lat' dir='ltr'><strong>cibus</strong></span> <span class='ocrx_word' id='word_1_226' title='bbox 831 1851 930 1890; x_wconf 85' lang='lat' dir='ltr'><strong>atque</strong></span> 
     </span>
    </p>

    <p class='ocr_par' dir='ltr' id='par_1_32' title="bbox 130 1895 862 1937">
     <span class='ocr_line' id='line_1_34' title="bbox 130 1895 862 1937; baseline 0.007 -10"><span class='ocrx_word' id='word_1_227' title='bbox 130 1895 249 1937; x_wconf 86' lang='lat' dir='ltr'><strong>ingens</strong></span> <span class='ocrx_word' id='word_1_228' title='bbox 265 1896 394 1929; x_wconf 84' lang='lat' dir='ltr'><strong>accedit</strong></span> <span class='ocrx_word' id='word_1_229' title='bbox 412 1897 586 1929; x_wconf 78' lang='lat' dir='ltr'><strong>stomacho</strong></span> <span class='ocrx_word' id='word_1_230' title='bbox 605 1898 726 1930; x_wconf 83' lang='lat' dir='ltr'><strong>fultura</strong></span> <span class='ocrx_word' id='word_1_231' title='bbox 744 1900 862 1932; x_wconf 82' lang='lat' dir='ltr'><strong>ruenti.</strong></span> 
     </span>
    </p>

    <p class='ocr_par' dir='ltr' id='par_1_33' title="bbox 130 1949 1089 1995">
     <span class='ocr_line' id='line_1_35' title="bbox 130 1949 1089 1995; baseline 0.006 -16"><span class='ocrx_word' id='word_1_232' title='bbox 130 1953 165 1980; x_wconf 89' lang='lat' dir='ltr'><strong>tu</strong></span> <span class='ocrx_word' id='word_1_233' title='bbox 182 1950 316 1982; x_wconf 75' lang='lat' dir='ltr'><strong>cessas?</strong></span> <span class='ocrx_word' id='word_1_234' title='bbox 340 1949 495 1992; x_wconf 85' lang='lat' dir='ltr'><strong>agedum,</strong></span> <span class='ocrx_word' id='word_1_235' title='bbox 517 1960 610 1983; x_wconf 77' lang='lat' dir='ltr'><strong>sume</strong></span> <span class='ocrx_word' id='word_1_236' title='bbox 628 1950 691 1984; x_wconf 84' lang='lat' dir='ltr'><strong>hoc</strong></span> <span class='ocrx_word' id='word_1_237' title='bbox 709 1952 928 1994; x_wconf 81' lang='lat' dir='ltr'><strong>ptisanariuui</strong></span> <span class='ocrx_word' id='word_1_238' title='bbox 946 1951 1089 1995; x_wconf 80' lang='lat' dir='ltr'><strong>oryzae.’</strong></span> 
     </span>
    </p>
   </div>
   <div class='ocr_carea' id='block_1_3' title="bbox 1131 549 1164 574">
    <p class='ocr_par' dir='ltr' id='par_1_34' title="bbox 1131 549 1164 574">
     <span class='ocr_line' id='line_1_36' title="bbox 1131 549 1164 574; baseline 0 -8"><span class='ocrx_word' id='word_1_239' title='bbox 1131 549 1164 574; x_wconf 63' lang='lat'><strong>:10</strong></span> 
     </span>
    </p>
   </div>
  </div>
 </body>
</html>
