1458 2315
77 156 140 198 tv.]
406 158 609 189 EPODON
627 159 784 190 LIBER.

164 233 229 267 hoc
245 233 405 267 delibutis
420 233 492 266 ulta
509 234 606 267 donis
622 234 788 278 paelicem

213 291 368 330 serpente
387 287 472 330 fugit
485 287 574 320 alite.

173 351 236 374 nec
253 345 365 374 tantus
382 351 544 382 umquam
561 340 706 374 siderum
724 342 848 376 insedit
863 355 971 389 vapor

211 393 404 428 siticulosae
421 393 570 436 Apuliae

167 459 229 481 nec
246 457 368 480 munus
385 447 508 479 umeris
526 446 669 480 efficacis
687 448 847 483 Herculis

212 500 330 533 inarsit
347 500 543 532 aestuosius.

170 558 206 586 at
223 553 336 596 siquid
352 563 514 595 umquam
531 552 598 585 tale
615 554 859 598 concupiveris,

211 606 324 639 iocose
342 606 533 646 Maecenas,
555 617 675 649 precor

167 670 306 691 manum
322 658 436 701 puella
453 659 546 692 savio
563 664 714 702 opponat
731 664 800 703 tuo,

167 717 318 745 extrema
335 716 368 744 et
384 712 418 744 in
436 712 568 754 sponda
584 713 695 746 cubet.

77 927 143 962 IV.
180 928 378 1014 LUPIS
397 933 429 962 et
447 929 544 972 agnis
561 935 690 974 quanta
706 931 825 966 sortito
842 933 965 977 obtigit

305 986 419 1015 tecum
435 983 518 1015 mihi
535 984 708 1017 discordia
725 991 786 1026 est,

167 1034 340 1068 Hibericis
357 1041 490 1078 peruste
508 1036 642 1069 funibus
658 1037 746 1071 latus

211 1091 244 1120 et
261 1098 356 1120 crura
373 1088 456 1120 dura
470 1091 646 1131 compede.

169 1139 247 1172 licet
265 1141 427 1182 superbus
444 1142 596 1174 ambules
612 1144 766 1185 pecunia,

213 1192 348 1225 fortuna
364 1204 433 1225 non
449 1198 556 1226 mutat
573 1206 690 1237 genus.

169 1244 318 1284 videsne,
341 1244 478 1277 Sacram
496 1247 654 1280 metiente
673 1254 706 1281 te
722 1249 813 1282 viam

214 1308 291 1329 cum
308 1298 360 1330 bis
377 1298 476 1330 trium
493 1299 646 1332 ulnarum
664 1306 755 1343 toga,

169 1354 205 1381 ut
222 1360 281 1381 ora
298 1354 404 1382 vertat
422 1350 488 1383 huc
504 1356 536 1383 et
554 1352 618 1384 hue
635 1355 789 1386 euntium

214 1402 385 1435 liberrima
402 1403 588 1446 indignatio
599 1406 614 1436 ?

174 1455 183 1470 ‘
199 1459 309 1488 sectus
327 1455 468 1497 flagellis
485 1456 540 1489 hie
557 1458 822 1493 triunwiralibus

216 1509 392 1550 praeconis
410 1509 452 1540 ad
471 1509 641 1542 fastidium

169 1566 241 1593 arat
259 1560 394 1593 Falemi
411 1562 504 1594 mille
522 1563 614 1595 fundi
634 1564 756 1607 iugera,

215 1618 248 1645 et
266 1613 419 1656 Appiam
436 1616 569 1648 mannis
587 1617 675 1656 terit,

169 1666 398 1709 sedilibusque
416 1678 558 1710 magnus
575 1669 608 1700 in
626 1670 742 1711 primis
759 1682 862 1715 eques

214 1718 352 1752 Othone
369 1725 568 1763 contempto
585 1723 689 1755 sedet.

168 1771 249 1814 quid
267 1772 387 1805 attinet
405 1777 453 1805 tot
471 1785 529 1805 ora
546 1775 681 1807 navium
696 1778 790 1819 gravi

213 1829 357 1857 rostrata
373 1825 449 1858 duci
469 1828 618 1868 pondere

165 1882 283 1910 contra
300 1878 446 1911 latrones
463 1885 563 1922 atquc
579 1881 732 1914 servilem
750 1894 897 1925 inanum,

214 1929 290 1970 hoc,
311 1930 376 1964 hoc
397 1931 532 1965 tribuno
548 1933 693 1967 militum
708 1934 740 1968 ?’

1057 170 1115 201 139

1083 626 1118 645 20

1082 1426 1116 1446 10

1079 1955 1115 1975 20
