1410 2283
291 138 333 175 78

583 135 618 172 Q.
651 131 781 163 ΗΘΚΛ
791 131 840 162 T!
864 129 1033 162 FLACCJ

472 218 575 245 sume,
596 207 784 246 Maecenas,
805 204 944 248 cyathos
959 203 1059 236 amici

473 260 606 303 sospitis
622 265 768 298 centum,
787 264 820 291 et
837 257 954 300 vigiles
969 256 1122 288 lucernas

471 313 580 356 perfer
597 313 629 344 in
647 312 755 343 lucem
771 324 778 343 :
803 309 919 353 procul
936 308 1046 341 omnis
1061 313 1134 340 esto

647 364 774 396 clamor
790 370 822 395 et
841 363 897 394 ira.

472 484 567 516 mitte
584 483 690 515 civilis
706 493 804 524 super
821 481 915 515 Urbe
931 491 1044 514 curas:

476 536 596 568 occidit
615 535 700 567 Daci
718 534 889 567 Cotisonis
904 543 1039 576 agmen,

475 588 597 621 Medus
613 587 750 619 infestus
765 586 828 618 sibi
845 585 1005 618 luctuosis

653 638 792 671 dissidet
808 638 920 676 armis,

477 758 576 790 servit
596 758 770 799 Hispanae
787 761 880 788 vetus
895 754 1001 788 hostis
1016 766 1095 788 orae

478 811 646 843 Cantaber
662 820 734 842 sera
749 809 895 840 domitus
912 814 1040 847 mtena,

479 862 544 894 iam
562 861 704 904 Scythae
722 861 799 893 laxo
815 860 1019 892 meditantur
1035 869 1114 892 arcu

654 913 772 946 cedere
787 913 925 955 campis.

483 1031 662 1074 neglegens
678 1041 787 1073 nequa
804 1030 947 1073 populus
962 1029 1092 1062 laboret

481 1095 580 1127 parce
597 1084 745 1126 privatus
761 1083 902 1115 nimium
918 1093 1034 1115 cavere
1049 1093 1059 1121 ς

483 1136 571 1168 dona
587 1135 770 1178 praesentis
786 1145 868 1177 cape
884 1134 991 1167 laetus
1005 1134 1108 1167 horae
1123 1137 1157 1166 et

658 1187 771 1230 linque
788 1197 913 1220 severa.

315 1480 378 1513 IX.
523 1478 591 1511 ΟΝ
595 1478 654 1511 EC
670 1483 782 1520 gratus
799 1490 889 1512 eram
906 1479 967 1512 tibi

545 1542 605 1564 nec
621 1532 797 1573 quisquam
814 1532 926 1574 potior
941 1532 1098 1566 bracchia
1112 1531 1277 1566 candidae

489 1584 608 1616 cervici
626 1584 753 1615 iuvenis
768 1584 882 1622 dabat,

449 1636 621 1668 Persarum
637 1635 727 1677 vigui
744 1646 821 1678 rege
836 1635 976 1668 beatior.

491 1753 598 1786 donec
614 1764 682 1786 non
698 1754 764 1786 alia
780 1755 888 1797 magis

449 1806 557 1837 arsisti
572 1817 680 1848 neque
697 1812 767 1839 erat
785 1807 893 1848 Lydia
909 1810 985 1850 post
1001 1805 1147 1846 Chloen,

494 1858 591 1889 multi
609 1858 718 1900 Lydia
734 1860 881 1891 nominis

451 1909 606 1942 Romana
622 1910 713 1952 vigui
729 1911 850 1944 clarior
866 1911 942 1944 Ilia.

1220 126 1311 169 [vm.
