1458 2315
125 151 180 192 11.]
363 151 422 182 SA
432 151 665 181 TJRARUM
688 151 832 181 LIBER
860 151 905 182 Π.
1102 160 1160 189 197

121 226 225 260 festos
242 225 376 259 albatus
393 226 551 266 celebret,
573 237 677 259 cornu
694 227 766 270 ipse
782 226 898 259 bilibri

122 280 275 313 caulibus
303 280 454 319 instillat,
476 279 599 312 veteris
615 291 683 312 non
701 291 821 322 parcus
837 279 934 312 aceti.

121 333 215 376 quali
231 333 334 376 igitur
349 333 439 365 victu
457 333 590 375 sapiens
609 337 731 371 utetur,
752 338 785 365 et
801 332 923 365 horum

122 391 235 418 utrum
252 386 468 418 imitabitur?
490 386 554 417 hac
571 390 689 428 urguet
712 386 823 428 lupus,
844 386 908 417 hac
925 384 1029 424 canis,
1052 384 1156 417 aiunt.

121 439 269 471 mundus
285 439 348 470 erit
364 449 431 481 qua
447 449 516 470 non
534 438 683 470 offendat
701 439 855 470 sordibus
872 443 973 480 atque

122 492 157 523 in
174 497 327 523 neutram
344 497 473 533 partem
492 490 601 523 cultus
618 491 728 523 miser.
778 491 834 522 hic
847 501 959 533 neque
976 490 1089 529 servis,

122 544 248 576 Albuci
264 543 353 576 senis
370 543 539 585 exemplo,
560 543 643 575 dum
659 543 775 575 munia
793 543 879 576 didit

123 607 241 630 saevus
257 596 344 636 erit3
368 607 430 628 nec
447 596 494 628 sic
511 601 547 628 ut
565 596 708 638 simplex
726 596 879 628 Naevius
897 600 1033 628 unctam

122 650 272 682 convivis
284 649 461 692 praebebit
471 660 594 691 aquam
607 662 614 681 :
639 649 759 680 vitium
767 648 832 680 hoc
842 659 977 691 quoque
989 659 1160 690 magnum.

122 703 239 745 accipe
255 713 356 742 nunc,
376 702 485 734 victus
500 702 611 734 tenuis
628 712 714 744 quae
731 707 926 744 quantaque
943 712 1056 734 secum
1128 717 1162 740 70

123 755 262 788 adferat.
313 754 348 787 in
365 754 482 798 primis
499 754 612 786 valeas
629 754 727 786 bene.
777 765 857 785 nam
874 754 986 786 variae
1004 765 1056 786 res

122 813 159 840 ut
175 812 319 840 noceant
335 807 466 840 homini
483 807 610 847 credas,
631 817 762 839 memor
778 806 868 839 illius
885 818 982 839 escae

121 871 209 904 quae
225 860 369 904 simplex
385 860 466 892 olim
483 860 546 892 tibi
563 860 687 892 sederit
706 872 713 892 :
738 864 773 892 at
790 859 890 892 simul
909 860 992 892 assis

121 913 294 946 miscueris
311 913 408 952 elixa,
429 912 529 945 simul
546 912 724 955 conchylia
741 912 858 952 turdis,

121 966 234 998 dulcia
249 977 285 998 se
301 966 336 998 in
352 965 457 998 bilem
474 970 615 1005 vertent,
635 965 879 1008 stomachoque
896 965 1077 997 tumultum

121 1019 214 1051 lenta
230 1018 312 1051 feret
328 1018 459 1060 pituita.
511 1018 606 1050 vides
623 1023 659 1050 ut
676 1018 823 1060 pallidus
840 1019 950 1050 omnis

115 1076 206 1103 ‘cena
221 1071 378 1113 desurgat
394 1071 526 1103 dubia?
548 1071 630 1113 quin
647 1082 768 1113 corpus
785 1077 943 1102 onustum

121 1123 286 1156 hesternis
303 1123 393 1155 vitiis
409 1123 560 1155 animum
577 1134 712 1165 quoque
729 1129 927 1165 praegravat
944 1134 1021 1162 una,

122 1181 226 1219 atque
243 1175 362 1218 adfigit
378 1175 482 1207 humo
499 1176 634 1208 divinae
651 1176 850 1218 particulam
868 1187 977 1208 aurae.

121 1229 207 1261 alter
223 1228 280 1260 ubi
297 1229 389 1260 dicto
406 1228 504 1260 eitius
517 1233 631 1260 curata
648 1228 759 1270 sopori
1127 1235 1162 1261 80

121 1282 275 1314 membra
291 1281 397 1319 dedit,
417 1285 556 1323 vegetus
573 1281 779 1323 praescripta
796 1281 838 1312 ad
855 1281 969 1312 munia
986 1281 1100 1322 surgit.

120 1334 177 1368 hic
194 1338 307 1366 tamen
324 1333 367 1365 ad
385 1333 504 1365 melius
520 1333 643 1375 poterit
661 1338 883 1365 transcurrere
900 1333 1071 1375 quondam
1089 1346 1098 1373 ;

121 1388 191 1420 sive
207 1387 299 1419 diem
316 1386 438 1418 festum
455 1385 588 1418 rediens
604 1385 776 1417 advexerit
793 1396 911 1423 annus,

121 1450 179 1472 seu
196 1449 346 1473 recreare
362 1438 454 1470 volet
471 1441 644 1470 fenuatum
662 1448 792 1479 corpus,
813 1438 938 1479 ubique

120 1493 282 1525 accedent
299 1491 379 1524 anni
396 1495 429 1524 et
447 1490 581 1523 tractari
599 1490 734 1521 mollius
749 1495 841 1521 aetas

122 1545 295 1578 imbecilla
313 1544 403 1577 volet
419 1555 426 1575 ε
451 1543 513 1575 tibi
531 1542 692 1585 quidnam
710 1542 848 1574 accedet
865 1541 908 1573 ad
925 1542 1022 1574 istam

121 1608 224 1640 quam
241 1608 324 1641 puer
341 1602 374 1630 et
390 1595 521 1628 validus
539 1595 725 1637 praesumis
742 1594 932 1632 mollitiem,
953 1605 1013 1626 scu

120 1651 204 1683 dura
220 1650 380 1683 valetudo
397 1648 553 1681 inciderit
566 1659 623 1680 seu
642 1647 736 1679 tarda
753 1648 930 1678 senectus?

120 1703 296 1735 rancidum
313 1713 432 1745 aprum
450 1701 580 1743 antiqui
598 1700 792 1738 laudabant,
812 1709 880 1730 non
898 1699 976 1740 quia
993 1709 1092 1731 nasus

121 1755 188 1788 illis
205 1756 317 1788 nullus
333 1759 415 1793 erat,
436 1754 496 1786 sed
512 1753 614 1786 credo
631 1753 694 1784 hae
711 1757 835 1790 mente,
855 1751 946 1793 quod
963 1751 1085 1794 hospes
1126 1767 1160 1793 90

121 1809 250 1841 tardius
266 1807 450 1840 adveniens
468 1806 623 1838 vitiatum
641 1803 851 1836 commodius
868 1814 969 1845 quam

121 1861 289 1904 integrum
307 1860 392 1893 edax
408 1859 567 1891 dominus
583 1861 804 1890 consumeret.
846 1856 909 1888 hos
924 1856 1052 1888 utinam
1072 1857 1158 1890 inter

120 1912 243 1946 heroas
259 1918 374 1945 natum
393 1911 491 1944 tellus
508 1922 563 1943 me
580 1910 689 1952 prima
706 1909 834 1941 tulisset
854 1909 860 1940 !

121 1965 183 2000 das
198 1966 327 2011 aliquid
344 1964 462 2004 famae,
484 1974 569 2007 quae
586 1962 734 1996 carmine
751 1961 878 2005 gratior
893 1972 1008 1995 aurem
