1410 2283
270 131 306 152 12
551 119 587 157 Q.
619 116 809 148 HORATI
833 115 1005 147 FLACCI
1192 114 1281 157 [vm-

398 205 456 228 cur
472 204 578 237 neque
594 191 747 225 militaris

354 247 439 280 inter
454 246 601 289 aequalis
616 245 754 288 equitat,
775 243 908 277 Gallica
922 253 985 277 nec
999 243 1122 287 lupatis

398 304 559 341 temperat
577 309 634 330 ora
650 298 750 330 frenis
763 298 778 329 ἶ

353 362 411 384 cur
427 352 519 383 timet
537 350 660 382 ssavum
676 349 827 382 Tiberim
844 349 1004 391 tangere?
1025 359 1084 382 cur
1099 347 1226 381 olivum

398 471 558 513 sanguine
575 470 725 513 viperino

354 530 481 555 cautius
497 523 589 562 vitat,
609 534 717 565 neque
734 522 800 554 iam
817 521 920 554 livida
935 525 1042 564 gestat
1059 520 1160 554 armis
1256 535 1288 552 ιο

399 575 562 614 bracchia,
584 586 682 617 saepe
699 575 803 613 disco,

355 638 454 670 saepe
471 634 560 660 trans
578 627 677 659 finem
695 626 803 659 iaculo
819 625 942 658 nobilis
958 625 1140 668 expedito?

399 747 481 790 quid
497 746 588 786 latet,
609 751 644 778 ut
658 747 805 779 marinae

355 799 460 831 filium
477 800 591 831 dicunt
607 799 760 831 Thetidis
777 798 839 831 sub
855 797 1030 830 lacrimosa
1045 797 1167 830 Troiae

399 851 524 889 funera,
544 862 585 883 ne
602 851 705 883 virilis

353 903 460 936 cultus
477 903 510 935 in
527 903 664 936 caedem
681 908 713 936 et
731 902 851 945 Lycias
867 901 1051 945 proriperet
1066 901 1243 934 catervas?

313 1195 376 1228 IX.
496 1193 608 1226 IDES
626 1197 662 1225 ut
678 1192 745 1224 alta
760 1196 823 1224 stet
839 1191 915 1224 nive
930 1190 1111 1224 candidum

519 1246 666 1284 Soracte,
688 1255 748 1277 nec
765 1245 832 1276 iam
848 1243 1032 1276 sustineant
1049 1252 1133 1276 onus

443 1298 545 1332 silvae
562 1298 762 1335 laborantes,
781 1294 926 1338 geluque

486 1351 624 1383 flumina
639 1349 847 1382 constiterint
863 1354 972 1381 acuto.

399 1471 543 1504 dissolve
560 1470 661 1513 frigus
676 1470 768 1512 ligna
784 1479 883 1511 super
898 1467 974 1501 foco

399 1524 489 1566 large
506 1533 680 1565 reponens,
700 1527 801 1563 atque
817 1520 995 1563 benignius

444 1579 605 1620 deprome
622 1576 834 1619 quadrimum
853 1575 990 1613 Sabina,

486 1641 508 1662 o
523 1628 734 1667 Thaliarche,
754 1637 882 1659 merum
898 1627 1002 1659 diota.

400 1749 557 1791 permitte
570 1748 656 1780 divis
672 1752 802 1780 cetera:
826 1746 883 1789 qui
900 1744 1000 1778 simul

400 1807 544 1834 stravere
561 1804 678 1832 ventos
695 1809 839 1842 aequore
856 1797 985 1830 fervido
1259 1807 1294 1827 xo

446 1852 694 1894 deproeliantis,
715 1862 778 1883 nec
794 1850 942 1893 cupressi

490 1915 552 1936 nec
568 1910 695 1936 veteres
711 1904 879 1946 agitantur
895 1902 978 1935 orni.

0 2157 1410 2283 ss———4j
