1458 2315
86 106 137 150 v.]

335 106 612 138 CARMJNUM
634 106 780 136 LIBER
806 106 828 136 l
834 106 868 138 V.
1067 116 1124 138 111

219 182 268 215 nil
285 182 451 215 Claudiae
467 193 537 215 non
553 181 731 225 perficiunt
746 193 889 223 manu33

220 247 306 279 quas
321 240 355 268 et
366 235 515 279 benigno
531 235 670 268 numine
688 235 840 278 Iuppiter

265 289 428 328 defendit,
450 293 482 321 et
498 299 597 322 curae
613 299 751 331 sagaces

311 341 496 384 expediunt
512 352 573 384 per
589 347 686 374 acuta
703 341 794 374 belli.

325 607 425 641 IVIS
443 612 516 640 orte
532 607 641 647 bonis,
662 607 789 650 optime
808 606 975 640 Romulae

347 665 459 693 custos
474 659 595 702 gentis,
617 660 697 692 abes
714 660 781 692 iam
798 660 941 692 nimium
957 659 1016 693 diu
1034 671 1042 693 :

227 718 398 746 maturum
413 712 560 745 reditum
575 712 747 755 pollicitus
766 713 905 745 Patrum

317 769 435 798 sancto
450 764 606 806 concilio,
627 765 712 797 redi.

229 894 340 928 lucem
355 893 459 927 redde
475 898 563 934 tuae,
583 893 653 926 dux
668 894 768 933 bone,
789 893 918 936 patriae
933 905 942 926 ε

230 948 335 980 instar
350 947 438 980 veris
454 947 546 979 enim
561 947 673 979 voltus
688 947 747 979 ubi
764 952 840 979 tuus

232 1000 370 1032 adfulsit
386 999 526 1042 populo,
547 999 674 1042 gratior
690 1000 715 1032 it
731 999 804 1032 dies

320 1056 355 1084 et
371 1052 459 1084 soles
475 1051 595 1084 melius
610 1052 730 1085 nitent.

235 1177 272 1206 ut
287 1177 395 1205 mater
411 1172 578 1212 iuvenem,
598 1183 700 1214 quem
717 1173 829 1205 Notus
846 1172 963 1206 invido
1176 1208 1178 1211 ,

237 1225 320 1258 flatu
337 1224 513 1267 Carpathii
530 1229 622 1257 trans
639 1225 740 1257 maris
757 1235 904 1267 aequora
1112 1240 1144 1258 10

239 1282 455 1311 cunctantem
472 1277 581 1319 spatio
598 1276 731 1319 longius
748 1287 861 1310 annuo

327 1329 418 1362 dulci
435 1329 572 1362 distinet
588 1340 608 1362 a
625 1329 728 1362 domo

238 1459 326 1493 votis
342 1458 578 1501 ominibusque
595 1462 627 1491 et
643 1458 798 1501 precibus
818 1462 926 1499 vocat,

240 1523 342 1546 curvo
358 1522 422 1544 nec
438 1510 558 1543 faciem
573 1510 671 1543 litore
688 1511 838 1544 dimovet
855 1523 863 1543 :

239 1564 287 1598 sic
302 1563 478 1597 desideriis
494 1562 561 1595 icta
577 1562 733 1595 fidelibus

330 1617 460 1660 quaerit
477 1615 587 1658 patria
604 1615 795 1648 Caesarem.

242 1749 334 1777 tutus
349 1744 412 1777 bos
428 1743 553 1777 etenim
571 1754 648 1776 rura
664 1743 887 1787 perambulat,

242 1797 346 1829 nutrit
363 1795 460 1833 †rura
478 1797 582 1829 Ceres
599 1796 755 1840 almaque
774 1797 951 1838 Faustitas,

245 1853 402 1893 pacatum
418 1849 562 1881 volitant
581 1859 642 1891 per
657 1860 749 1882 mare
767 1850 912 1890 navitae,

331 1901 462 1945 culpari
478 1902 598 1934 metuit
615 1901 709 1941 fides
1118 1917 1152 1935 20
