1426 2315
385 162 452 193 DE
479 162 615 194 ARTE
642 162 862 194 POETICA.
1084 167 1143 205 283

109 237 180 271 iura
196 241 297 281 neget
314 237 379 270 sibi
395 241 485 278 nata,
506 237 591 270 nihil
607 234 676 271 non
693 237 834 282 adroget
849 239 960 271 armis.

107 290 151 324 sit
167 290 292 323 Medea
308 290 403 323 ferox
419 290 622 333 invictaque,
643 290 765 323 flebilis
783 291 858 331 Ino,

106 344 254 387 perfidus
271 343 382 383 Ixion,
404 343 445 376 Io
462 353 559 386 vaga,
579 343 682 376 tristis
699 343 847 377 Orestes.

107 397 218 440 siquid
234 396 446 439 inexpertum
463 406 604 429 scaenae
621 396 804 429 committis
820 401 852 429 et
870 397 973 430 audes

107 460 285 494 personam
303 449 447 482 formare
465 459 601 488 novam,
621 453 770 492 servetur
785 449 829 481 ad
845 449 950 483 imum

106 503 216 545 qualis
231 503 276 535 ab
291 503 428 545 incepto
447 502 647 544 processerit
665 506 697 534 et
714 502 779 534 sibi
795 507 935 536 constet.

105 555 243 589 difficile
259 560 309 588 est
326 555 462 598 proprie
481 554 675 587 communia
692 554 803 588 dicere
819 567 829 595 ς
854 559 957 598 tuque

105 608 228 641 rectius
245 608 390 641 Iliacum
405 619 542 641 carmen
566 607 707 640 deducis
724 607 759 639 in
777 611 883 646 actus,

104 671 208 703 quam
224 661 252 694 si
268 661 434 704 proferres
451 661 568 704 ignota
585 660 780 702 indictaque
798 661 936 704 primus.
1096 678 1144 702 130

104 713 243 756 publica
258 713 414 747 materies
431 714 556 756 privati
577 713 657 746 iuris
675 712 750 753 erit,
771 713 800 746 si

103 776 173 798 non
188 766 278 799 circa
294 766 396 799 vilem
414 766 640 809 patulumque
659 766 846 799 moraberis
862 767 990 807 orbem,

102 829 167 852 nec
183 819 324 852 verbum
341 819 445 852 verbo
465 819 598 852 curabis
620 818 762 851 reddere
779 818 867 852 fidus

101 871 276 915 interpres,
296 882 359 905 nec
375 871 513 905 desilies
533 872 685 904 imitator
703 872 738 903 in
756 876 876 912 artum,

100 924 191 958 unde
206 925 329 968 pedem
346 924 495 968 proferre
513 925 623 968 pudor
643 929 736 957 vetet
753 929 810 958 aut
827 925 939 968 operis
953 925 1017 959 leX.

99 987 163 1010 nec
179 977 226 1010 sic
243 978 385 1020 incipies
401 982 437 1010 ut
455 978 598 1021 scriptor
621 978 767 1020 cyclicus
785 977 877 1018 olim,

103 1029 293 1063 ‘fortunam
309 1031 436 1063 Priami
453 1031 598 1063 cantabo
621 1035 654 1063 et
673 1031 786 1064 nobile
804 1031 959 1064 bellum.’

85 1081 182 1126 'quid
198 1083 340 1126 dignum
356 1087 451 1116 tanto
468 1083 550 1116 seret
567 1083 621 1116 hic
646 1084 830 1126 promissor
842 1083 964 1116 hiatu?

98 1135 285 1178 parturient
302 1141 444 1175 montes,
463 1140 619 1168 nascetur
644 1136 805 1169 ridiculus
821 1148 907 1170 mus.

97 1193 227 1231 quanto
243 1189 366 1222 rectius
383 1189 438 1222 hic
455 1188 513 1231 qui
530 1188 578 1220 nil
604 1189 740 1222 molitur
758 1190 872 1233 inepte
885 1203 898 1223 τ
1093 1207 1142 1230 140

100 1241 177 1274 ‘dic
193 1241 288 1281 mihi,
309 1242 419 1282 Musa,
440 1242 560 1280 virum,
587 1247 708 1285 captae
725 1248 802 1285 post
819 1248 974 1286 tempora
989 1243 1115 1277 Troiae

97 1294 157 1336 qui
175 1305 285 1328 mores
302 1294 480 1327 hominum
497 1294 684 1328 multorum
706 1296 791 1329 vidit
808 1301 841 1328 et
858 1294 983 1328 urbes.'

98 1357 167 1379 non
184 1347 312 1380 fumum
329 1358 370 1381 ex
388 1347 528 1391 fulgore,
551 1347 609 1380 sed
631 1359 673 1382 ex
689 1349 782 1381 sumo
797 1349 879 1381 dare
895 1348 1006 1381 lucem

97 1400 236 1442 cogitat,
257 1404 293 1432 ut
308 1400 463 1443 speciosa
481 1400 605 1434 dehinc
633 1401 795 1435 miracula
810 1406 957 1444 promat,

99 1452 311 1495 Antiphaten
329 1452 544 1496 Scyllamque
568 1459 601 1487 et
618 1465 696 1487 cum
714 1454 864 1497 Cyclope
881 1453 1092 1496 Charybdin.

99 1515 162 1538 nec
179 1505 324 1538 reditum
341 1505 520 1539 Diomedis
546 1507 590 1539 ab
610 1507 745 1540 interitu
765 1507 942 1549 Meleagri,

99 1568 163 1591 nec
178 1558 314 1601 gemino
327 1558 455 1590 bellum
481 1559 668 1592 Troianum
686 1560 816 1592 orditur
831 1559 875 1591 ab
892 1570 957 1591 ovo
975 1571 982 1592 :

100 1620 234 1653 semper
249 1610 293 1643 ad
309 1615 466 1643 eventum
492 1611 628 1644 festinat
645 1616 676 1644 et
695 1612 728 1643 in
742 1611 870 1644 medias
888 1622 939 1644 res

100 1673 170 1696 non
185 1673 281 1696 secus
297 1673 337 1696 ae
353 1668 452 1696 notas
474 1664 664 1696 auditorem
683 1663 780 1706 rapit,
801 1669 834 1696 et
851 1675 937 1706 quae

99 1717 256 1759 desperat
273 1721 415 1750 tractata
438 1717 601 1749 nitescere
620 1727 716 1759 posse
733 1716 904 1759 relinquit,
1091 1732 1139 1756 150

101 1774 202 1812 atque
219 1769 266 1802 ita
285 1770 457 1808 mentitur,
478 1769 526 1802 sic
542 1769 628 1801 veris
646 1768 729 1801 salsa
746 1769 910 1808 remiscet,

101 1822 212 1867 primo
229 1832 272 1856 ne
290 1822 452 1860 medium,
475 1821 588 1854 medio
605 1832 646 1854 ne
663 1821 831 1864 discrepet
850 1821 964 1854 imum.

101 1880 137 1909 tu
154 1874 234 1919 quid
253 1886 318 1919 ego
334 1880 367 1908 ct
381 1874 527 1918 populus
543 1885 674 1907 mecum
691 1874 859 1908 desideret
875 1874 952 1906 audi
972 1886 979 1907 :

101 1928 130 1963 si
146 1929 313 1972 plausoris
329 1938 408 1971 eges
424 1927 543 1960 aulaea
562 1927 730 1960 manentis
747 1932 779 1960 et
796 1938 902 1970 usque

101 1982 233 2023 sessuri,
253 1981 365 2015 donec
378 1985 500 2014 cantor
521 1981 530 1996 ⁴
544 1991 603 2013 vos
621 1980 772 2023 plaudite
788 1978 795 1993 '
810 1980 913 2020 dicat,
