1410 2283
278 131 320 170 96
571 128 607 166 Q.
639 128 770 158 HORA
781 127 830 158 Tl
854 127 1028 158 FLACCI
1193 125 1305 168 [xxvx.

458 203 590 236 laevum
607 202 756 234 marinae
772 201 829 245 qui
846 201 988 235 Veneris
1002 200 1091 235 latus

457 256 612 289 custodit.
662 255 716 287 hic
733 255 787 287 hic
804 255 920 298 ponite
936 254 1049 288 lucida

503 308 628 341 funalia
645 314 677 340 ct
694 307 797 340 vectis
813 313 846 340 et
863 317 960 340 arcus

547 360 711 403 oppositis
728 360 854 393 foribus
870 360 1027 393 minaces.

461 501 482 522 o
498 500 584 532 quae
600 489 734 521 beatam
752 488 830 521 diva
849 492 941 521 tenes
959 488 1109 531 Cyprum
1126 493 1159 522 et

462 541 639 584 Memphin
655 546 824 574 carentem
842 540 998 574 Sithonia
1013 540 1101 580 nive,

504 595 629 637 regina,
650 594 786 626 sublimi
805 593 939 636 flagello

548 653 647 689 tange
665 646 796 679 Chloen
813 646 916 679 semel
933 649 1154 688 arrogantem.

283 901 437 934 XXVII.
519 900 670 934 MPIOS
689 911 808 943 parrae
827 900 1003 934 recinentis
1016 911 1117 934 omen

538 954 637 986 ducat
656 958 688 985 et
706 964 870 996 praegnas
887 953 980 986 canis
996 958 1052 986 aut
1070 954 1114 986 ab
1130 963 1212 997 agro

462 1017 541 1038 rava
557 1006 737 1038 decurrens
754 1006 833 1048 lupa
851 1006 1028 1038 Lanuvino

640 1057 771 1100 fetaque
788 1057 913 1100 volpeS.

463 1190 594 1227 rumpat
611 1189 643 1217 ct
661 1190 797 1227 scrpem
814 1184 876 1217 iter
893 1184 1093 1224 institutum,

463 1238 490 1270 si
509 1248 568 1280 per
584 1237 760 1279 obliquum
777 1237 895 1269 similis
911 1237 1052 1280 sagittae

464 1290 580 1322 terruit
597 1299 749 1321 mannos.
798 1300 862 1332 ego
877 1290 930 1322 cui
947 1289 1076 1322 timebo

642 1341 801 1384 providus
817 1352 955 1385 auspex,

469 1476 650 1513 antequam
667 1471 786 1504 stantis
802 1475 931 1514 repetat
949 1471 1090 1514 paludes

469 1523 628 1555 imbrium
643 1523 758 1555 divina
773 1524 845 1556 avis
861 1523 1107 1565 imminentum‚

468 1577 615 1608 oscinem
632 1586 770 1608 corvum
786 1586 884 1618 prece
901 1576 1070 1610 suscitabo

645 1627 725 1661 solis
741 1628 784 1660 ab
800 1633 885 1661 ortu.

468 1756 513 1788 sis
528 1755 608 1789 licet
623 1755 702 1790 felix
718 1756 920 1800 ubicumque
936 1755 1055 1797 mavis,

468 1812 503 1841 et
519 1819 649 1842 memor
664 1809 780 1849 nostri,
801 1809 956 1849 Galatea,
973 1809 1089 1849 viva-55

469 1864 569 1903 teque
585 1871 646 1894 nec
662 1860 777 1894 laevus
793 1865 884 1894 vetat
899 1861 948 1894 ire
962 1861 1058 1904 picus

648 1923 710 1946 nec
724 1923 810 1956 vaga
825 1913 951 1947 cornix.

1283 556 1316 574 10

1288 1536 1323 1555 10
