<?xml version="1.0" encoding="UTF-8"?>
<!DOCTYPE html PUBLIC "-//W3C//DTD XHTML 1.0 Transitional//EN"
    "http://www.w3.org/TR/xhtml1/DTD/xhtml1-transitional.dtd">
<html xmlns="http://www.w3.org/1999/xhtml" xml:lang="en" lang="en">
 <head>
  <title>
</title>
<meta http-equiv="Content-Type" content="text/html;charset=utf-8" />
  <meta name='ocr-system' content='tesseract 3.04.00' />
  <meta name='ocr-capabilities' content='ocr_page ocr_carea ocr_par ocr_line ocrx_word'/>
</head>
<body>
  <div class='ocr_page' id='page_1' title='image "./operacornish00horauoft_0230.png"; bbox 0 0 1410 2283; ppageno 0'>
   <div class='ocr_carea' id='block_1_1' title="bbox 291 96 1310 140">
    <p class='ocr_par' dir='ltr' id='par_1_1' title="bbox 291 96 1310 140">
     <span class='ocr_line' id='line_1_1' title="bbox 291 96 1310 140; baseline 0 -10"><span class='ocrx_word' id='word_1_1' title='bbox 291 108 350 139; x_wconf 78' lang='lat'>214</span> <span class='ocrx_word' id='word_1_2' title='bbox 573 101 608 140; x_wconf 85' lang='lat' dir='ltr'>Q.</span> <span class='ocrx_word' id='word_1_3' title='bbox 640 100 771 132; x_wconf 81' lang='lat' dir='ltr'><em>IIORA</em></span> <span class='ocrx_word' id='word_1_4' title='bbox 780 99 830 131; x_wconf 86' lang='lat' dir='ltr'>TI</span> <span class='ocrx_word' id='word_1_5' title='bbox 852 98 1026 132; x_wconf 75' lang='lat' dir='ltr'><em>FLACC!</em></span> <span class='ocrx_word' id='word_1_6' title='bbox 1095 96 1098 100; x_wconf 83' lang='lat'>&#39;</span> <span class='ocrx_word' id='word_1_7' title='bbox 1263 97 1310 140; x_wconf 78' lang='lat' dir='ltr'>[v.</span> 
     </span>
    </p>
   </div>
   <div class='ocr_carea' id='block_1_2' title="bbox 288 172 1389 1944">
    <p class='ocr_par' dir='ltr' id='par_1_2' title="bbox 289 172 1141 219">
     <span class='ocr_line' id='line_1_2' title="bbox 289 172 1141 219; baseline -0.001 -11"><span class='ocrx_word' id='word_1_8' title='bbox 289 175 371 219; x_wconf 87' lang='lat' dir='ltr'>quid</span> <span class='ocrx_word' id='word_1_9' title='bbox 389 181 500 209; x_wconf 80' lang='lat' dir='ltr'>tamen</span> <span class='ocrx_word' id='word_1_10' title='bbox 518 175 580 208; x_wconf 79' lang='lat' dir='ltr'>ista</span> <span class='ocrx_word' id='word_1_11' title='bbox 596 175 675 209; x_wconf 78' lang='lat' dir='ltr'>velit</span> <span class='ocrx_word' id='word_1_12' title='bbox 691 175 754 208; x_wconf 84' lang='lat' dir='ltr'>sibi</span> <span class='ocrx_word' id='word_1_13' title='bbox 771 173 893 214; x_wconf 76' lang='lat' dir='ltr'>fabula.</span> <span class='ocrx_word' id='word_1_14' title='bbox 912 174 942 208; x_wconf 77' lang='lat' dir='ltr'>si</span> <span class='ocrx_word' id='word_1_15' title='bbox 956 173 1047 214; x_wconf 73' lang='lat' dir='ltr'>lieet,</span> <span class='ocrx_word' id='word_1_16' title='bbox 1067 172 1141 208; x_wconf 79' lang='lat' dir='ltr'>ede.</span> 
     </span>
    </p>

    <p class='ocr_par' dir='ltr' id='par_1_3' title="bbox 296 224 1203 271">
     <span class='ocr_line' id='line_1_3' title="bbox 296 224 1203 271; baseline -0.002 -10"><span class='ocrx_word' id='word_1_17' title='bbox 296 229 467 271; x_wconf 85' lang='lat' dir='ltr'>‘tempore</span> <span class='ocrx_word' id='word_1_18' title='bbox 483 239 550 270; x_wconf 86' lang='lat' dir='ltr'>quo</span> <span class='ocrx_word' id='word_1_19' title='bbox 566 228 692 260; x_wconf 86' lang='lat' dir='ltr'>iuvenis</span> <span class='ocrx_word' id='word_1_20' title='bbox 712 227 840 260; x_wconf 78' lang='lat' dir='ltr'>Parthis</span> <span class='ocrx_word' id='word_1_21' title='bbox 856 226 1052 268; x_wconf 81' lang='lat' dir='ltr'>horrendus,</span> <span class='ocrx_word' id='word_1_22' title='bbox 1072 226 1118 260; x_wconf 70' lang='lat' dir='ltr'>ab</span> <span class='ocrx_word' id='word_1_23' title='bbox 1131 224 1203 258; x_wconf 73' lang='lat' dir='ltr'>alto</span> 
     </span>
    </p>

    <p class='ocr_par' dir='ltr' id='par_1_4' title="bbox 289 279 1039 322">
     <span class='ocr_line' id='line_1_4' title="bbox 289 279 1039 322; baseline -0.001 -10"><span class='ocrx_word' id='word_1_24' title='bbox 289 280 471 312; x_wconf 80' lang='lat' dir='ltr'>demissum</span> <span class='ocrx_word' id='word_1_25' title='bbox 487 291 591 322; x_wconf 78' lang='lat' dir='ltr'>genus</span> <span class='ocrx_word' id='word_1_26' title='bbox 607 281 733 318; x_wconf 80' lang='lat' dir='ltr'>Aenea,</span> <span class='ocrx_word' id='word_1_27' title='bbox 753 279 870 314; x_wconf 81' lang='lat' dir='ltr'>tellure</span> <span class='ocrx_word' id='word_1_28' title='bbox 887 279 1039 322; x_wconf 80' lang='lat' dir='ltr'>marique</span> 
     </span>
    </p>

    <p class='ocr_par' dir='ltr' id='par_1_5' title="bbox 291 331 1041 374">
     <span class='ocr_line' id='line_1_5' title="bbox 291 331 1041 374; baseline -0.001 -10"><span class='ocrx_word' id='word_1_29' title='bbox 291 343 431 374; x_wconf 78' lang='lat' dir='ltr'>magnus</span> <span class='ocrx_word' id='word_1_30' title='bbox 446 333 519 371; x_wconf 76' lang='lat' dir='ltr'>erit,</span> <span class='ocrx_word' id='word_1_31' title='bbox 539 332 613 364; x_wconf 81' lang='lat' dir='ltr'>sorti</span> <span class='ocrx_word' id='word_1_32' title='bbox 632 332 733 364; x_wconf 86' lang='lat' dir='ltr'>nubet</span> <span class='ocrx_word' id='word_1_33' title='bbox 751 342 888 374; x_wconf 82' lang='lat' dir='ltr'>procera</span> <span class='ocrx_word' id='word_1_34' title='bbox 905 331 1041 364; x_wconf 79' lang='lat' dir='ltr'>Corano</span> 
     </span>
    </p>

    <p class='ocr_par' dir='ltr' id='par_1_6' title="bbox 292 383 1037 422">
     <span class='ocr_line' id='line_1_6' title="bbox 292 383 1037 422; baseline 0 -6"><span class='ocrx_word' id='word_1_35' title='bbox 292 385 359 416; x_wconf 82' lang='lat' dir='ltr'>filia</span> <span class='ocrx_word' id='word_1_36' title='bbox 378 385 530 422; x_wconf 69' lang='lat' dir='ltr'>Nasicae,</span> <span class='ocrx_word' id='word_1_37' title='bbox 551 384 728 417; x_wconf 75' lang='lat' dir='ltr'>metuentis</span> <span class='ocrx_word' id='word_1_38' title='bbox 745 384 882 416; x_wconf 82' lang='lat' dir='ltr'>reddere</span> <span class='ocrx_word' id='word_1_39' title='bbox 894 383 1037 416; x_wconf 82' lang='lat' dir='ltr'>soldum.</span> 
     </span>
    </p>

    <p class='ocr_par' dir='ltr' id='par_1_7' title="bbox 291 435 1207 479">
     <span class='ocr_line' id='line_1_7' title="bbox 291 435 1207 479; baseline 0 -11"><span class='ocrx_word' id='word_1_40' title='bbox 291 442 359 468; x_wconf 83' lang='lat' dir='ltr'>tum</span> <span class='ocrx_word' id='word_1_41' title='bbox 376 447 477 479; x_wconf 83' lang='lat' dir='ltr'>gener</span> <span class='ocrx_word' id='word_1_42' title='bbox 493 437 556 468; x_wconf 87' lang='lat' dir='ltr'>hoc</span> <span class='ocrx_word' id='word_1_43' title='bbox 574 437 690 469; x_wconf 79' lang='lat' dir='ltr'>saciet:</span> <span class='ocrx_word' id='word_1_44' title='bbox 715 436 845 468; x_wconf 87' lang='lat' dir='ltr'>tabulas</span> <span class='ocrx_word' id='word_1_45' title='bbox 860 446 976 468; x_wconf 90' lang='lat' dir='ltr'>socero</span> <span class='ocrx_word' id='word_1_46' title='bbox 991 435 1085 468; x_wconf 75' lang='lat' dir='ltr'>dabit</span> <span class='ocrx_word' id='word_1_47' title='bbox 1104 439 1207 479; x_wconf 81' lang='lat' dir='ltr'>atque</span> 
     </span>
    </p>

    <p class='ocr_par' dir='ltr' id='par_1_8' title="bbox 290 488 1039 531">
     <span class='ocr_line' id='line_1_8' title="bbox 290 488 1039 531; baseline -0.001 -10"><span class='ocrx_word' id='word_1_48' title='bbox 290 495 325 521; x_wconf 88' lang='lat' dir='ltr'>ut</span> <span class='ocrx_word' id='word_1_49' title='bbox 343 488 430 531; x_wconf 81' lang='lat' dir='ltr'>legat</span> <span class='ocrx_word' id='word_1_50' title='bbox 447 489 553 521; x_wconf 85' lang='lat' dir='ltr'>orabit</span> <span class='ocrx_word' id='word_1_51' title='bbox 568 500 578 527; x_wconf 71' lang='grc' dir='ltr'>ς</span> <span class='ocrx_word' id='word_1_52' title='bbox 603 488 742 521; x_wconf 84' lang='lat' dir='ltr'>multum</span> <span class='ocrx_word' id='word_1_53' title='bbox 762 488 885 521; x_wconf 85' lang='lat' dir='ltr'>Nasica</span> <span class='ocrx_word' id='word_1_54' title='bbox 901 493 1039 530; x_wconf 77' lang='lat' dir='ltr'>negatas</span> 
     </span>
    </p>

    <p class='ocr_par' dir='ltr' id='par_1_9' title="bbox 289 539 1101 584">
     <span class='ocr_line' id='line_1_9' title="bbox 289 539 1101 584; baseline 0 -11"><span class='ocrx_word' id='word_1_55' title='bbox 289 541 430 584; x_wconf 77' lang='lat' dir='ltr'>accipiet</span> <span class='ocrx_word' id='word_1_56' title='bbox 447 542 581 573; x_wconf 82' lang='lat' dir='ltr'>tandem</span> <span class='ocrx_word' id='word_1_57' title='bbox 598 547 630 574; x_wconf 89' lang='lat' dir='ltr'>et</span> <span class='ocrx_word' id='word_1_58' title='bbox 648 541 767 573; x_wconf 84' lang='lat' dir='ltr'>tacitus</span> <span class='ocrx_word' id='word_1_59' title='bbox 784 541 870 583; x_wconf 82' lang='lat' dir='ltr'>leget</span> <span class='ocrx_word' id='word_1_60' title='bbox 888 539 1101 583; x_wconf 85' lang='lat' dir='ltr'>invenietque</span> 
     </span>
    </p>

    <p class='ocr_par' dir='ltr' id='par_1_10' title="bbox 290 593 1032 636">
     <span class='ocr_line' id='line_1_10' title="bbox 290 593 1032 636; baseline 0.001 -12"><span class='ocrx_word' id='word_1_61' title='bbox 290 593 335 625; x_wconf 92' lang='lat' dir='ltr'>nil</span> <span class='ocrx_word' id='word_1_62' title='bbox 353 594 414 625; x_wconf 86' lang='lat' dir='ltr'>sibi</span> <span class='ocrx_word' id='word_1_63' title='bbox 433 594 578 636; x_wconf 85' lang='lat' dir='ltr'>legatum</span> <span class='ocrx_word' id='word_1_64' title='bbox 596 599 726 636; x_wconf 88' lang='lat' dir='ltr'>practer</span> <span class='ocrx_word' id='word_1_65' title='bbox 742 593 873 635; x_wconf 88' lang='lat' dir='ltr'>plorare</span> <span class='ocrx_word' id='word_1_66' title='bbox 889 593 1032 635; x_wconf 84' lang='lat' dir='ltr'>suisque.</span> 
     </span>
    </p>

    <p class='ocr_par' dir='ltr' id='par_1_11' title="bbox 289 644 1389 787">
     <span class='ocr_line' id='line_1_11' title="bbox 291 644 1319 683; baseline -0.001 -6"><span class='ocrx_word' id='word_1_67' title='bbox 291 646 372 677; x_wconf 91' lang='lat' dir='ltr'>illud</span> <span class='ocrx_word' id='word_1_68' title='bbox 389 646 430 678; x_wconf 87' lang='lat' dir='ltr'>ad</span> <span class='ocrx_word' id='word_1_69' title='bbox 448 646 529 678; x_wconf 85' lang='lat' dir='ltr'>haec</span> <span class='ocrx_word' id='word_1_70' title='bbox 547 646 666 678; x_wconf 66' lang='lat' dir='ltr'>iubeor</span> <span class='ocrx_word' id='word_1_71' title='bbox 692 645 811 678; x_wconf 86' lang='lat' dir='ltr'>mulier</span> <span class='ocrx_word' id='word_1_72' title='bbox 825 646 852 678; x_wconf 92' lang='lat' dir='ltr'>si</span> <span class='ocrx_word' id='word_1_73' title='bbox 870 645 954 678; x_wconf 84' lang='lat' dir='ltr'>sorte</span> <span class='ocrx_word' id='word_1_74' title='bbox 968 644 1087 677; x_wconf 79' lang='lat' dir='ltr'>dolosa</span> <span class='ocrx_word' id='word_1_75' title='bbox 1284 657 1319 683; x_wconf 83' lang='lat'>70</span> 
     </span>
     <span class='ocr_line' id='line_1_12' title="bbox 290 697 1389 740; baseline -0.001 -11"><span class='ocrx_word' id='word_1_76' title='bbox 290 698 468 730; x_wconf 81' lang='lat' dir='ltr'>libertusve</span> <span class='ocrx_word' id='word_1_77' title='bbox 484 709 596 730; x_wconf 84' lang='lat' dir='ltr'>senem</span> <span class='ocrx_word' id='word_1_78' title='bbox 612 698 754 730; x_wconf 86' lang='lat' dir='ltr'>delirum</span> <span class='ocrx_word' id='word_1_79' title='bbox 772 702 943 740; x_wconf 77' lang='lat' dir='ltr'>temperet.</span> <span class='ocrx_word' id='word_1_80' title='bbox 964 697 1031 729; x_wconf 77' lang='lat' dir='ltr'>illis</span> <span class='ocrx_word' id='word_1_81' title='bbox 1384 700 1389 710; x_wconf 95' lang='lat'>&#39;</span> 
     </span>
     <span class='ocr_line' id='line_1_13' title="bbox 289 749 1087 787; baseline -0.001 -6"><span class='ocrx_word' id='word_1_82' title='bbox 289 750 427 782; x_wconf 63' lang='lat' dir='ltr'>accedas</span> <span class='ocrx_word' id='word_1_83' title='bbox 443 750 550 782; x_wconf 83' lang='lat' dir='ltr'>socius</span> <span class='ocrx_word' id='word_1_84' title='bbox 567 761 575 787; x_wconf 80' lang='lat'>3</span> <span class='ocrx_word' id='word_1_85' title='bbox 600 749 724 787; x_wconf 69' lang='lat' dir='ltr'>laudes,</span> <span class='ocrx_word' id='word_1_86' title='bbox 745 749 889 781; x_wconf 86' lang='lat' dir='ltr'>lauderis</span> <span class='ocrx_word' id='word_1_87' title='bbox 905 754 940 780; x_wconf 87' lang='lat' dir='ltr'>ut</span> <span class='ocrx_word' id='word_1_88' title='bbox 956 749 1087 780; x_wconf 78' lang='lat' dir='ltr'>absens.</span> 
     </span>
    </p>

    <p class='ocr_par' dir='ltr' id='par_1_12' title="bbox 289 799 1227 1000">
     <span class='ocr_line' id='line_1_14' title="bbox 289 799 1227 844; baseline -0.002 -10"><span class='ocrx_word' id='word_1_89' title='bbox 289 802 423 834; x_wconf 67' lang='lat' dir='ltr'>adiuvat</span> <span class='ocrx_word' id='word_1_90' title='bbox 440 802 503 833; x_wconf 91' lang='lat' dir='ltr'>hoc</span> <span class='ocrx_word' id='word_1_91' title='bbox 520 812 651 844; x_wconf 81' lang='lat' dir='ltr'>quoque</span> <span class='ocrx_word' id='word_1_92' title='bbox 666 812 674 839; x_wconf 82' lang='lat'>;</span> <span class='ocrx_word' id='word_1_93' title='bbox 700 801 756 833; x_wconf 86' lang='lat' dir='ltr'>sed</span> <span class='ocrx_word' id='word_1_94' title='bbox 776 800 877 833; x_wconf 85' lang='lat' dir='ltr'>vincit</span> <span class='ocrx_word' id='word_1_95' title='bbox 894 800 994 842; x_wconf 87' lang='lat' dir='ltr'>longe</span> <span class='ocrx_word' id='word_1_96' title='bbox 1010 799 1101 842; x_wconf 83' lang='lat' dir='ltr'>prius</span> <span class='ocrx_word' id='word_1_97' title='bbox 1117 799 1227 842; x_wconf 84' lang='lat' dir='ltr'>ipsum</span> 
     </span>
     <span class='ocr_line' id='line_1_15' title="bbox 289 852 1188 896; baseline -0.002 -10"><span class='ocrx_word' id='word_1_98' title='bbox 289 864 479 896; x_wconf 80' lang='lat' dir='ltr'>expugnare</span> <span class='ocrx_word' id='word_1_99' title='bbox 495 859 602 896; x_wconf 75' lang='lat' dir='ltr'>oeput.</span> <span class='ocrx_word' id='word_1_100' title='bbox 652 853 772 885; x_wconf 85' lang='lat' dir='ltr'>scribet</span> <span class='ocrx_word' id='word_1_101' title='bbox 789 852 877 884; x_wconf 83' lang='lat' dir='ltr'>mala</span> <span class='ocrx_word' id='word_1_102' title='bbox 893 853 1040 885; x_wconf 85' lang='lat' dir='ltr'>carmina</span> <span class='ocrx_word' id='word_1_103' title='bbox 1057 861 1188 884; x_wconf 84' lang='lat' dir='ltr'>vecors:</span> 
     </span>
     <span class='ocr_line' id='line_1_16' title="bbox 290 903 1142 947; baseline -0.002 -9"><span class='ocrx_word' id='word_1_104' title='bbox 290 906 434 938; x_wconf 69' lang='lat' dir='ltr'>laudato.</span> <span class='ocrx_word' id='word_1_105' title='bbox 484 911 645 938; x_wconf 78' lang='lat' dir='ltr'>scortator</span> <span class='ocrx_word' id='word_1_106' title='bbox 660 905 719 937; x_wconf 88' lang='lat' dir='ltr'>erit</span> <span class='ocrx_word' id='word_1_107' title='bbox 733 917 740 937; x_wconf 92' lang='lat'>:</span> <span class='ocrx_word' id='word_1_108' title='bbox 765 915 844 937; x_wconf 83' lang='lat' dir='ltr'>cave</span> <span class='ocrx_word' id='word_1_109' title='bbox 861 910 892 937; x_wconf 87' lang='lat' dir='ltr'>te</span> <span class='ocrx_word' id='word_1_110' title='bbox 909 909 1003 947; x_wconf 84' lang='lat' dir='ltr'>roget</span> <span class='ocrx_word' id='word_1_111' title='bbox 1020 915 1029 943; x_wconf 71' lang='grc' dir='ltr'>ς</span> <span class='ocrx_word' id='word_1_112' title='bbox 1053 903 1142 937; x_wconf 83' lang='lat' dir='ltr'>ultro</span> 
     </span>
     <span class='ocr_line' id='line_1_17' title="bbox 291 955 1085 1000; baseline -0.001 -10"><span class='ocrx_word' id='word_1_113' title='bbox 291 958 494 1000; x_wconf 83' lang='lat' dir='ltr'>Penelopam</span> <span class='ocrx_word' id='word_1_114' title='bbox 513 958 616 990; x_wconf 75' lang='lat' dir='ltr'>facilis</span> <span class='ocrx_word' id='word_1_115' title='bbox 632 957 752 1000; x_wconf 85' lang='lat' dir='ltr'>potiori</span> <span class='ocrx_word' id='word_1_116' title='bbox 771 955 884 989; x_wconf 64' lang='lat' dir='ltr'>trade!</span> <span class='ocrx_word' id='word_1_117' title='bbox 931 962 1085 999; x_wconf 81' lang='lat' dir='ltr'>putasne,</span> 
     </span>
    </p>

    <p class='ocr_par' dir='ltr' id='par_1_13' title="bbox 290 1009 1049 1053">
     <span class='ocr_line' id='line_1_18' title="bbox 290 1009 1049 1053; baseline -0.003 -11"><span class='ocrx_word' id='word_1_118' title='bbox 290 1011 424 1053; x_wconf 89' lang='lat' dir='ltr'>perduci</span> <span class='ocrx_word' id='word_1_119' title='bbox 443 1011 564 1053; x_wconf 82' lang='lat' dir='ltr'>poterit</span> <span class='ocrx_word' id='word_1_120' title='bbox 581 1016 647 1042; x_wconf 87' lang='lat' dir='ltr'>tam</span> <span class='ocrx_word' id='word_1_121' title='bbox 665 1009 748 1052; x_wconf 81' lang='lat' dir='ltr'>frugi</span> <span class='ocrx_word' id='word_1_122' title='bbox 766 1014 900 1051; x_wconf 81' lang='lat' dir='ltr'>tamque</span> <span class='ocrx_word' id='word_1_123' title='bbox 915 1009 1049 1051; x_wconf 80' lang='lat' dir='ltr'>pudiea,</span> 
     </span>
    </p>

    <p class='ocr_par' dir='ltr' id='par_1_14' title="bbox 288 1060 1101 1105">
     <span class='ocr_line' id='line_1_19' title="bbox 288 1060 1101 1105; baseline 0 -11"><span class='ocrx_word' id='word_1_124' title='bbox 288 1073 389 1105; x_wconf 86' lang='lat' dir='ltr'>quam</span> <span class='ocrx_word' id='word_1_125' title='bbox 406 1062 561 1104; x_wconf 84' lang='lat' dir='ltr'>nequiere</span> <span class='ocrx_word' id='word_1_126' title='bbox 578 1061 669 1104; x_wconf 91' lang='lat' dir='ltr'>proci</span> <span class='ocrx_word' id='word_1_127' title='bbox 687 1067 776 1093; x_wconf 88' lang='lat' dir='ltr'>recto</span> <span class='ocrx_word' id='word_1_128' title='bbox 792 1060 962 1103; x_wconf 85' lang='lat' dir='ltr'>depellere</span> <span class='ocrx_word' id='word_1_129' title='bbox 976 1070 1072 1094; x_wconf 88' lang='lat' dir='ltr'>cursu</span> <span class='ocrx_word' id='word_1_130' title='bbox 1084 1062 1101 1094; x_wconf 82' lang='lat'>?</span> 
     </span>
    </p>

    <p class='ocr_par' dir='ltr' id='par_1_15' title="bbox 293 1113 1146 1156">
     <span class='ocr_line' id='line_1_20' title="bbox 293 1113 1146 1156; baseline 0.006 -11"><span class='ocrx_word' id='word_1_131' title='bbox 293 1116 302 1130; x_wconf 82' lang='lat'>⁸</span> <span class='ocrx_word' id='word_1_132' title='bbox 315 1115 403 1147; x_wconf 87' lang='lat' dir='ltr'>venit</span> <span class='ocrx_word' id='word_1_133' title='bbox 419 1115 508 1146; x_wconf 89' lang='lat' dir='ltr'>enim</span> <span class='ocrx_word' id='word_1_134' title='bbox 526 1124 683 1155; x_wconf 75' lang='lat' dir='ltr'>magnum</span> <span class='ocrx_word' id='word_1_135' title='bbox 700 1113 848 1145; x_wconf 69' lang='lat' dir='ltr'>donandi</span> <span class='ocrx_word' id='word_1_136' title='bbox 865 1123 966 1155; x_wconf 82' lang='lat' dir='ltr'>parca</span> <span class='ocrx_word' id='word_1_137' title='bbox 982 1113 1146 1156; x_wconf 81' lang='lat' dir='ltr'>iuventus,</span> 
     </span>
    </p>

    <p class='ocr_par' dir='ltr' id='par_1_16' title="bbox 289 1166 1322 1261">
     <span class='ocr_line' id='line_1_21' title="bbox 289 1166 1322 1209; baseline 0.003 -10"><span class='ocrx_word' id='word_1_138' title='bbox 289 1177 350 1199; x_wconf 87' lang='lat' dir='ltr'>nec</span> <span class='ocrx_word' id='word_1_139' title='bbox 368 1173 496 1199; x_wconf 82' lang='lat' dir='ltr'>tantum</span> <span class='ocrx_word' id='word_1_140' title='bbox 514 1167 642 1199; x_wconf 74' lang='lat' dir='ltr'>veneris</span> <span class='ocrx_word' id='word_1_141' title='bbox 659 1171 822 1209; x_wconf 89' lang='lat' dir='ltr'>quantum</span> <span class='ocrx_word' id='word_1_142' title='bbox 840 1166 989 1199; x_wconf 86' lang='lat' dir='ltr'>studiosa</span> <span class='ocrx_word' id='word_1_143' title='bbox 1005 1167 1148 1202; x_wconf 79' lang='lat' dir='ltr'>culinae.</span> <span class='ocrx_word' id='word_1_144' title='bbox 1287 1177 1322 1205; x_wconf 77' lang='lat'>80</span> 
     </span>
     <span class='ocr_line' id='line_1_22' title="bbox 289 1219 1144 1261; baseline 0.005 -10"><span class='ocrx_word' id='word_1_145' title='bbox 289 1219 335 1251; x_wconf 90' lang='lat' dir='ltr'>sic</span> <span class='ocrx_word' id='word_1_146' title='bbox 352 1220 412 1252; x_wconf 88' lang='lat' dir='ltr'>tibi</span> <span class='ocrx_word' id='word_1_147' title='bbox 432 1219 598 1261; x_wconf 84' lang='lat' dir='ltr'>Penelope</span> <span class='ocrx_word' id='word_1_148' title='bbox 616 1219 699 1261; x_wconf 81' lang='lat' dir='ltr'>frugi</span> <span class='ocrx_word' id='word_1_149' title='bbox 716 1224 785 1251; x_wconf 88' lang='lat' dir='ltr'>est:</span> <span class='ocrx_word' id='word_1_150' title='bbox 809 1229 895 1261; x_wconf 87' lang='lat' dir='ltr'>quae</span> <span class='ocrx_word' id='word_1_151' title='bbox 911 1219 938 1251; x_wconf 86' lang='lat' dir='ltr'>si</span> <span class='ocrx_word' id='word_1_152' title='bbox 955 1221 1059 1254; x_wconf 87' lang='lat' dir='ltr'>semel</span> <span class='ocrx_word' id='word_1_153' title='bbox 1075 1231 1144 1254; x_wconf 87' lang='lat' dir='ltr'>uno</span> 
     </span>
    </p>

    <p class='ocr_par' dir='ltr' id='par_1_17' title="bbox 289 1271 1029 1314">
     <span class='ocr_line' id='line_1_23' title="bbox 289 1271 1029 1314; baseline 0.001 -10"><span class='ocrx_word' id='word_1_154' title='bbox 289 1272 332 1304; x_wconf 74' lang='lat' dir='ltr'>d:</span> <span class='ocrx_word' id='word_1_155' title='bbox 348 1283 425 1304; x_wconf 80' lang='lat' dir='ltr'>sene</span> <span class='ocrx_word' id='word_1_156' title='bbox 441 1272 578 1314; x_wconf 87' lang='lat' dir='ltr'>gustarit</span> <span class='ocrx_word' id='word_1_157' title='bbox 596 1276 704 1304; x_wconf 86' lang='lat' dir='ltr'>tecum</span> <span class='ocrx_word' id='word_1_158' title='bbox 721 1271 843 1314; x_wconf 83' lang='lat' dir='ltr'>partita</span> <span class='ocrx_word' id='word_1_159' title='bbox 860 1271 1029 1312; x_wconf 85' lang='lat' dir='ltr'>lucellum,</span> 
     </span>
    </p>

    <p class='ocr_par' dir='ltr' id='par_1_18' title="bbox 289 1324 1162 1366">
     <span class='ocr_line' id='line_1_24' title="bbox 289 1324 1162 1366; baseline 0.002 -9"><span class='ocrx_word' id='word_1_160' title='bbox 289 1331 324 1357; x_wconf 77' lang='lat' dir='ltr'>ut</span> <span class='ocrx_word' id='word_1_161' title='bbox 340 1325 431 1357; x_wconf 71' lang='lat' dir='ltr'>mnis</span> <span class='ocrx_word' id='word_1_162' title='bbox 447 1335 466 1356; x_wconf 88' lang='lat' dir='ltr'>a</span> <span class='ocrx_word' id='word_1_163' title='bbox 482 1324 573 1356; x_wconf 91' lang='lat' dir='ltr'>corio</span> <span class='ocrx_word' id='word_1_164' title='bbox 591 1334 772 1366; x_wconf 70' lang='lat' dir='ltr'>numquam</span> <span class='ocrx_word' id='word_1_165' title='bbox 790 1324 1031 1359; x_wconf 81' lang='lat' dir='ltr'>absterrebitur</span> <span class='ocrx_word' id='word_1_166' title='bbox 1049 1330 1162 1360; x_wconf 87' lang='lat' dir='ltr'>uncto.</span> 
     </span>
    </p>

    <p class='ocr_par' dir='ltr' id='par_1_19' title="bbox 290 1376 1321 1464">
     <span class='ocr_line' id='line_1_25' title="bbox 290 1376 1321 1423; baseline 0.004 -15"><span class='ocrx_word' id='word_1_167' title='bbox 290 1387 344 1410; x_wconf 88' lang='lat' dir='ltr'>me</span> <span class='ocrx_word' id='word_1_168' title='bbox 359 1388 436 1409; x_wconf 88' lang='lat' dir='ltr'>sene</span> <span class='ocrx_word' id='word_1_169' title='bbox 453 1377 543 1419; x_wconf 87' lang='lat' dir='ltr'>quod</span> <span class='ocrx_word' id='word_1_170' title='bbox 561 1376 671 1408; x_wconf 88' lang='lat' dir='ltr'>dicam</span> <span class='ocrx_word' id='word_1_171' title='bbox 689 1376 810 1410; x_wconf 77' lang='lat' dir='ltr'>sactum</span> <span class='ocrx_word' id='word_1_172' title='bbox 828 1382 888 1411; x_wconf 63' lang='lat' dir='ltr'>est.</span> <span class='ocrx_word' id='word_1_173' title='bbox 920 1389 1004 1412; x_wconf 85' lang='lat' dir='ltr'>anus</span> <span class='ocrx_word' id='word_1_174' title='bbox 1021 1379 1176 1423; x_wconf 88' lang='lat' dir='ltr'>improba</span> <span class='ocrx_word' id='word_1_175' title='bbox 1191 1377 1321 1412; x_wconf 82' lang='lat' dir='ltr'>Thebis</span> 
     </span>
     <span class='ocr_line' id='line_1_26' title="bbox 290 1428 971 1464; baseline 0.004 -3"><span class='ocrx_word' id='word_1_176' title='bbox 290 1440 330 1461; x_wconf 82' lang='lat' dir='ltr'>cx</span> <span class='ocrx_word' id='word_1_177' title='bbox 347 1435 546 1462; x_wconf 84' lang='lat' dir='ltr'>testamento</span> <span class='ocrx_word' id='word_1_178' title='bbox 562 1428 609 1460; x_wconf 90' lang='lat' dir='ltr'>sic</span> <span class='ocrx_word' id='word_1_179' title='bbox 625 1434 674 1460; x_wconf 85' lang='lat' dir='ltr'>est</span> <span class='ocrx_word' id='word_1_180' title='bbox 691 1429 800 1463; x_wconf 85' lang='lat' dir='ltr'>elata:</span> <span class='ocrx_word' id='word_1_181' title='bbox 826 1431 971 1464; x_wconf 77' lang='lat' dir='ltr'>cadaver</span> 
     </span>
    </p>

    <p class='ocr_par' dir='ltr' id='par_1_20' title="bbox 289 1481 1103 1523">
     <span class='ocr_line' id='line_1_27' title="bbox 289 1481 1103 1523; baseline 0.005 -10"><span class='ocrx_word' id='word_1_182' title='bbox 289 1487 426 1514; x_wconf 86' lang='lat' dir='ltr'>unctum</span> <span class='ocrx_word' id='word_1_183' title='bbox 443 1481 518 1513; x_wconf 90' lang='lat' dir='ltr'>oleo</span> <span class='ocrx_word' id='word_1_184' title='bbox 534 1481 627 1523; x_wconf 82' lang='lat' dir='ltr'>largo</span> <span class='ocrx_word' id='word_1_185' title='bbox 643 1481 741 1514; x_wconf 88' lang='lat' dir='ltr'>nudis</span> <span class='ocrx_word' id='word_1_186' title='bbox 758 1483 880 1516; x_wconf 85' lang='lat' dir='ltr'>umeris</span> <span class='ocrx_word' id='word_1_187' title='bbox 903 1484 978 1517; x_wconf 89' lang='lat' dir='ltr'>tulit</span> <span class='ocrx_word' id='word_1_188' title='bbox 997 1483 1103 1523; x_wconf 82' lang='lat' dir='ltr'>heres,</span> 
     </span>
    </p>

    <p class='ocr_par' dir='ltr' id='par_1_21' title="bbox 288 1533 1008 1575">
     <span class='ocr_line' id='line_1_28' title="bbox 288 1533 1008 1575; baseline 0.007 -11"><span class='ocrx_word' id='word_1_189' title='bbox 288 1534 413 1566; x_wconf 89' lang='lat' dir='ltr'>scilicet</span> <span class='ocrx_word' id='word_1_190' title='bbox 431 1533 518 1566; x_wconf 84' lang='lat' dir='ltr'>elabi</span> <span class='ocrx_word' id='word_1_191' title='bbox 535 1533 561 1564; x_wconf 91' lang='lat' dir='ltr'>si</span> <span class='ocrx_word' id='word_1_192' title='bbox 578 1538 690 1574; x_wconf 85' lang='lat' dir='ltr'>posset</span> <span class='ocrx_word' id='word_1_193' title='bbox 713 1541 846 1568; x_wconf 84' lang='lat' dir='ltr'>mortua</span> <span class='ocrx_word' id='word_1_194' title='bbox 863 1546 873 1575; x_wconf 75' lang='grc' dir='ltr'><strong>ς</strong></span> <span class='ocrx_word' id='word_1_195' title='bbox 896 1535 1008 1575; x_wconf 85' lang='lat' dir='ltr'>credo,</span> 
     </span>
    </p>

    <p class='ocr_par' dir='ltr' id='par_1_22' title="bbox 289 1585 1161 1628">
     <span class='ocr_line' id='line_1_29' title="bbox 289 1585 1161 1628; baseline 0 -10"><span class='ocrx_word' id='word_1_196' title='bbox 289 1586 380 1628; x_wconf 90' lang='lat' dir='ltr'>quod</span> <span class='ocrx_word' id='word_1_197' title='bbox 397 1586 536 1617; x_wconf 89' lang='lat' dir='ltr'>nimium</span> <span class='ocrx_word' id='word_1_198' title='bbox 553 1585 715 1619; x_wconf 82' lang='lat' dir='ltr'>institerat</span> <span class='ocrx_word' id='word_1_199' title='bbox 740 1587 876 1620; x_wconf 88' lang='lat' dir='ltr'>viventi.</span> <span class='ocrx_word' id='word_1_200' title='bbox 925 1592 1042 1620; x_wconf 85' lang='lat' dir='ltr'>cautus</span> <span class='ocrx_word' id='word_1_201' title='bbox 1058 1585 1161 1625; x_wconf 82' lang='lat' dir='ltr'>adito,</span> 
     </span>
    </p>

    <p class='ocr_par' dir='ltr' id='par_1_23' title="bbox 289 1638 1324 1785">
     <span class='ocr_line' id='line_1_30' title="bbox 290 1638 1156 1680; baseline 0.001 -10"><span class='ocrx_word' id='word_1_202' title='bbox 290 1649 353 1670; x_wconf 88' lang='lat' dir='ltr'>neu</span> <span class='ocrx_word' id='word_1_203' title='bbox 370 1638 458 1670; x_wconf 89' lang='lat' dir='ltr'>desis</span> <span class='ocrx_word' id='word_1_204' title='bbox 473 1648 594 1680; x_wconf 84' lang='lat' dir='ltr'>operae</span> <span class='ocrx_word' id='word_1_205' title='bbox 611 1649 695 1671; x_wconf 87' lang='lat' dir='ltr'>neve</span> <span class='ocrx_word' id='word_1_206' title='bbox 716 1639 957 1672; x_wconf 82' lang='lat' dir='ltr'>immoderatus</span> <span class='ocrx_word' id='word_1_207' title='bbox 971 1638 1122 1671; x_wconf 85' lang='lat' dir='ltr'>abundes</span> <span class='ocrx_word' id='word_1_208' title='bbox 1143 1638 1156 1667; x_wconf 70' lang='grc' dir='ltr'><strong>Ξ</strong></span> 
     </span>
     <span class='ocr_line' id='line_1_31' title="bbox 289 1689 1324 1734; baseline -0.002 -11"><span class='ocrx_word' id='word_1_209' title='bbox 289 1690 459 1723; x_wconf 87' lang='lat' dir='ltr'>difficilem</span> <span class='ocrx_word' id='word_1_210' title='bbox 477 1695 509 1722; x_wconf 83' lang='lat' dir='ltr'>et</span> <span class='ocrx_word' id='word_1_211' title='bbox 527 1701 698 1723; x_wconf 87' lang='lat' dir='ltr'>morosum</span> <span class='ocrx_word' id='word_1_212' title='bbox 716 1692 868 1724; x_wconf 82' lang='lat' dir='ltr'>offendes</span> <span class='ocrx_word' id='word_1_213' title='bbox 883 1691 1035 1734; x_wconf 78' lang='lat' dir='ltr'>garrulus</span> <span class='ocrx_word' id='word_1_214' title='bbox 1051 1689 1166 1722; x_wconf 83' lang='lat' dir='ltr'>ultro:</span> <span class='ocrx_word' id='word_1_215' title='bbox 1286 1701 1324 1730; x_wconf 76' lang='lat'>9⁰</span> 
     </span>
     <span class='ocr_line' id='line_1_32' title="bbox 290 1743 1126 1785; baseline 0 -11"><span class='ocrx_word' id='word_1_216' title='bbox 290 1754 359 1775; x_wconf 88' lang='lat' dir='ltr'>non</span> <span class='ocrx_word' id='word_1_217' title='bbox 374 1744 477 1775; x_wconf 84' lang='lat' dir='ltr'>etiam</span> <span class='ocrx_word' id='word_1_218' title='bbox 490 1743 599 1776; x_wconf 79' lang='lat' dir='ltr'>sileas.</span> <span class='ocrx_word' id='word_1_219' title='bbox 652 1745 770 1776; x_wconf 88' lang='lat' dir='ltr'>Davus</span> <span class='ocrx_word' id='word_1_220' title='bbox 785 1745 830 1777; x_wconf 85' lang='lat' dir='ltr'>sis</span> <span class='ocrx_word' id='word_1_221' title='bbox 846 1744 1004 1782; x_wconf 87' lang='lat' dir='ltr'>comicus,</span> <span class='ocrx_word' id='word_1_222' title='bbox 1024 1747 1126 1785; x_wconf 89' lang='lat' dir='ltr'>atque</span> 
     </span>
    </p>

    <p class='ocr_par' dir='ltr' id='par_1_24' title="bbox 289 1792 1140 1944">
     <span class='ocr_line' id='line_1_33' title="bbox 289 1792 1140 1839; baseline -0.001 -13"><span class='ocrx_word' id='word_1_223' title='bbox 289 1801 356 1827; x_wconf 87' lang='lat' dir='ltr'>stes</span> <span class='ocrx_word' id='word_1_224' title='bbox 371 1795 481 1837; x_wconf 86' lang='lat' dir='ltr'>capite</span> <span class='ocrx_word' id='word_1_225' title='bbox 501 1797 648 1839; x_wconf 87' lang='lat' dir='ltr'>obstipo,</span> <span class='ocrx_word' id='word_1_226' title='bbox 669 1797 813 1829; x_wconf 86' lang='lat' dir='ltr'>multum</span> <span class='ocrx_word' id='word_1_227' title='bbox 831 1796 951 1829; x_wconf 85' lang='lat' dir='ltr'>similis</span> <span class='ocrx_word' id='word_1_228' title='bbox 966 1792 1140 1828; x_wconf 82' lang='lat' dir='ltr'>metuenti.</span> 
     </span>
     <span class='ocr_line' id='line_1_34' title="bbox 289 1847 1117 1890; baseline -0.004 -10"><span class='ocrx_word' id='word_1_229' title='bbox 289 1848 452 1890; x_wconf 84' lang='lat' dir='ltr'>obsequio</span> <span class='ocrx_word' id='word_1_230' title='bbox 470 1858 620 1889; x_wconf 79' lang='lat' dir='ltr'>grassare</span> <span class='ocrx_word' id='word_1_231' title='bbox 635 1860 646 1887; x_wconf 69' lang='grc' dir='ltr'><strong>ς</strong></span> <span class='ocrx_word' id='word_1_232' title='bbox 669 1859 780 1888; x_wconf 85' lang='lat' dir='ltr'>mone,</span> <span class='ocrx_word' id='word_1_233' title='bbox 801 1849 829 1881; x_wconf 85' lang='lat' dir='ltr'>si</span> <span class='ocrx_word' id='word_1_234' title='bbox 845 1847 1010 1880; x_wconf 86' lang='lat' dir='ltr'>increbuit</span> <span class='ocrx_word' id='word_1_235' title='bbox 1025 1855 1117 1883; x_wconf 86' lang='lat' dir='ltr'>aura,</span> 
     </span>
     <span class='ocr_line' id='line_1_35' title="bbox 290 1896 1123 1944; baseline -0.006 -10"><span class='ocrx_word' id='word_1_236' title='bbox 290 1906 405 1934; x_wconf 83' lang='lat' dir='ltr'>cautus</span> <span class='ocrx_word' id='word_1_237' title='bbox 423 1899 471 1930; x_wconf 84' lang='lat' dir='ltr'>uti</span> <span class='ocrx_word' id='word_1_238' title='bbox 487 1900 575 1932; x_wconf 89' lang='lat' dir='ltr'>velet</span> <span class='ocrx_word' id='word_1_239' title='bbox 594 1910 708 1934; x_wconf 81' lang='lat' dir='ltr'>carum</span> <span class='ocrx_word' id='word_1_240' title='bbox 725 1905 824 1944; x_wconf 83' lang='lat' dir='ltr'>caput</span> <span class='ocrx_word' id='word_1_241' title='bbox 837 1910 848 1940; x_wconf 68' lang='grc' dir='ltr'><strong><em>ς</em></strong></span> <span class='ocrx_word' id='word_1_242' title='bbox 871 1898 1008 1932; x_wconf 83' lang='lat' dir='ltr'>extrahe</span> <span class='ocrx_word' id='word_1_243' title='bbox 1023 1896 1123 1931; x_wconf 80' lang='lat' dir='ltr'>turba</span> 
     </span>
    </p>
   </div>
   <div class='ocr_carea' id='block_1_3' title="bbox 1116 1055 1410 2283">
    <p class='ocr_par' dir='ltr' id='par_1_25' title="bbox 1116 1055 1410 2283">
     <span class='ocr_line' id='line_1_36' title="bbox 1354 1055 1410 1282; baseline 0 0"><span class='ocrx_word' id='word_1_244' title='bbox 1354 1055 1410 1282; x_wconf 95' lang='lat' dir='ltr'>    </span> 
     </span>
     <span class='ocr_line' id='line_1_37' title="bbox 1339 1282 1410 1564; baseline 0 0"><span class='ocrx_word' id='word_1_245' title='bbox 1339 1282 1410 1564; x_wconf 95' lang='lat' dir='ltr'>    </span> 
     </span>
     <span class='ocr_line' id='line_1_38' title="bbox 1334 1564 1410 1756; baseline 0 0"><span class='ocrx_word' id='word_1_246' title='bbox 1334 1564 1410 1756; x_wconf 95' lang='lat' dir='ltr'>   </span> 
     </span>
     <span class='ocr_line' id='line_1_39' title="bbox 1116 1756 1410 2283; baseline 0 0"><span class='ocrx_word' id='word_1_247' title='bbox 1116 1756 1410 2283; x_wconf 95' lang='lat' dir='ltr'>     </span> 
     </span>
    </p>
   </div>
   <div class='ocr_carea' id='block_1_4' title="bbox 602 2281 1120 2283">
    <p class='ocr_par' dir='ltr' id='par_1_26' title="bbox 602 2281 1120 2283">
     <span class='ocr_line' id='line_1_40' title="bbox 602 2281 1120 2283; baseline 0 0"><span class='ocrx_word' id='word_1_248' title='bbox 602 2281 1120 2283; x_wconf 95' lang='lat' dir='ltr'> </span> 
     </span>
    </p>
   </div>
  </div>
 </body>
</html>
