1458 2315
101 156 170 198 111.]
355 152 658 189 SATJRARUM
679 151 825 182 LIBER
851 150 880 183 I.
1085 149 1142 196 169

99 244 139 266 ac
155 243 225 265 non
242 233 377 266 incauto
394 232 511 266 fictum
527 234 743 273 astutumque
758 239 929 262 vocamus.

100 286 286 329 simplicior
301 286 377 328 quis
394 292 427 318 et
443 289 504 325 est,
524 284 660 327 qualem
675 294 730 315 me
747 293 848 325 saepe
862 282 1009 314 libenter

100 339 282 371 obtulerim
299 339 373 378 tibi,
394 339 586 377 Maecenas,
606 342 642 369 ut
659 336 744 368 sorte
762 336 932 378 legentem

101 396 159 424 aut
176 392 318 424 tacitum
337 391 490 434 impellat
506 390 626 433 quovis
643 399 818 421 sermone:
846 390 854 405 ‘
865 388 1037 427 molestus,

101 444 275 477 communi
292 454 393 477 sensu
409 444 513 487 plane
529 448 620 476 caret
632 441 639 455 '
657 443 838 485 inquimus,
885 442 971 475 eheu

99 508 205 540 quam
220 501 346 530 temere
363 497 398 528 in
413 501 546 529 nosmet
560 496 671 538 legem
687 496 855 528 sancimus
871 495 1022 537 iniquam
1039 496 1047 527 Σ

102 561 182 582 nam
198 550 290 582 vitiis
306 560 407 582 nemo
425 550 496 582 sine
512 549 660 582 nascitur
674 562 681 581 ε
707 549 856 591 optimus
872 548 929 580 ille
945 553 1007 588 est,

101 603 160 645 qui
176 602 325 635 minimis
341 607 509 645 urguetur.
559 602 688 634 amicus
705 601 822 640 dulcis,
843 606 880 633 ut
896 611 1042 644 aequum
1060 605 1119 640 est,

103 665 181 686 cum
197 665 273 687 mea
289 659 485 698 compenset
503 654 594 686 vitiis
610 655 701 686 bona
715 666 724 694 ς
742 654 894 696 pluribus
910 654 1014 694 hisce,
1111 669 1144 693 70

103 708 130 740 si
149 708 251 740 modo
268 708 366 750 plura
381 708 465 740 mihi
481 708 572 740 bona
587 711 675 747 sunt,
696 707 846 746 inclinet,
867 707 972 738 amari

103 761 130 793 si
146 760 237 793 volet
253 773 261 792 τ
284 761 348 793 hac
365 761 440 803 lege
456 760 491 792 in
507 760 632 792 trutina
648 765 793 803 ponetur
803 759 943 799 eadem.

102 812 159 855 qui
176 822 219 844 ne
235 812 409 845 tuberibus
425 813 571 855 propriis
589 812 739 844 offendat
756 812 906 844 amicum

102 864 263 907 postulat,
283 865 436 908 ignoscet
452 865 597 898 verrucis
613 865 704 897 illius
721 876 728 896 :
751 875 899 907 aequum
915 869 966 897 est

103 918 252 960 peccatis
268 918 405 950 veniam
421 924 618 960 poscentem
635 917 777 950 reddere
794 928 916 950 rursus.

105 971 261 1013 denique,
282 975 449 1013 quatenus
466 971 577 1004 excidi
593 971 728 1013 penitus
744 971 864 1002 vitium
881 971 962 1010 irae,

103 1029 214 1055 cetera
231 1023 312 1055 item
329 1029 502 1066 nequeunt
518 1023 629 1056 stultis
645 1023 829 1062 haerentia,
852 1034 910 1055 cur
926 1033 995 1055 non

75 1070 78 1072 ¹
104 1076 312 1118 ponderibus
329 1076 544 1119 modulisque
561 1077 628 1108 suis
644 1076 730 1108 ratio
746 1076 851 1108 utitur
867 1087 905 1108 ac
922 1087 974 1108 res

103 1133 139 1160 ut
154 1139 312 1171 quaeque
330 1133 381 1161 est
398 1129 445 1161 ita
462 1129 638 1171 suppliciis
653 1128 780 1160 delicta
795 1133 926 1160 coercet
938 1130 953 1161 ?

104 1180 209 1222 siquis
225 1191 303 1212 eum
321 1191 465 1218 servum,
486 1181 637 1223 patinam
656 1181 714 1223 qui
731 1181 851 1213 tollere
868 1181 976 1213 iussus
1108 1188 1144 1213 80

108 1243 257 1265 semesos
273 1233 375 1275 piscis
392 1234 611 1276 tepidumque
629 1233 811 1275 ligurrierit
828 1234 890 1272 ius,

105 1285 139 1316 in
157 1296 255 1318 cruce
272 1285 415 1328 suffigat,
440 1286 601 1318 Labeone
616 1286 763 1318 insanior
780 1286 867 1318 inter

103 1348 203 1370 sanos
221 1338 362 1370 dicatur.
411 1343 539 1381 quanto
555 1338 620 1370 hoe
635 1338 791 1370 furiosius
809 1343 911 1381 atque

104 1391 212 1423 maius
229 1396 405 1434 peccatum
424 1396 474 1423 est
491 1394 498 1424 !
524 1391 664 1433 paulum
681 1391 825 1434 deliquit
843 1391 984 1431 amicus,

104 1443 196 1486 quod
213 1443 277 1475 nisi
295 1444 472 1483 concedas,
492 1443 639 1476 habeare
656 1443 818 1475 insuavis:
845 1445 986 1477 acerbus

106 1496 210 1528 odisti
224 1501 257 1528 et
275 1496 362 1538 fugis
379 1501 414 1528 ut
433 1497 608 1528 Rusonem
626 1496 760 1528 debitor
775 1497 872 1536 aeris,

104 1549 162 1591 qui
180 1549 254 1588 nisi,
277 1560 354 1581 cum
372 1549 485 1582 tristes
503 1549 627 1582 misero
644 1560 765 1582 venere
782 1549 960 1588 kalendae,

104 1601 295 1633 mercedem
312 1606 370 1634 aut
386 1612 545 1634 nummos
563 1602 653 1634 unde
669 1601 760 1634 unde
778 1601 929 1641 extricat,
950 1612 1082 1635 amaras

104 1659 261 1696 porrecto
278 1654 394 1697 iugulo
410 1654 568 1687 historias
585 1655 741 1697 captivus
756 1660 792 1686 ut
809 1653 914 1687 audit.

104 1707 304 1739 comminxit
321 1707 446 1739 lectum
464 1713 563 1750 potus
581 1718 740 1740 mensave
757 1707 911 1740 catillum
1106 1723 1142 1749 90

107 1759 258 1791 Euandri
277 1760 434 1792 manibus
451 1760 566 1792 tritum
583 1760 706 1792 deiecit
723 1772 730 1791 ε
754 1761 800 1792 01)
818 1760 905 1792 hane
921 1770 1004 1800 rem,

104 1817 161 1844 aut
178 1813 326 1855 positum
343 1818 421 1845 ante
438 1824 513 1845 mea
529 1813 609 1856 quia
625 1813 757 1856 pullum
776 1813 807 1844 in
826 1818 920 1855 parte
938 1813 1040 1846 catini

104 1865 236 1897 sustulit
253 1865 413 1904 esuriens,
434 1866 544 1898 minus
561 1866 626 1898 hoc
644 1866 808 1898 iucundus
827 1866 958 1898 amicus

105 1917 148 1950 sit
165 1917 276 1951 mihi?
299 1918 381 1961 quid
398 1918 521 1950 faciam
538 1919 565 1951 si
583 1919 707 1950 furtum
725 1918 842 1951 fecerit
858 1924 916 1952 aut
932 1919 962 1953 si

103 1970 290 2012 prodiderit
307 1971 487 2004 commissa
500 1971 566 2005 fide
583 1982 788 2014 sponsumve
805 1974 964 2016 negarit?

364 2037 405 2063 12
