1458 2315
125 137 178 180 V.]
384 139 686 170 SATJRARUM
707 141 852 171 LIBER
878 140 907 171 I.
1107 148 1167 180 175

127 215 291 248 traditum
306 214 350 246 ab
366 215 514 258 antiquis
530 226 660 247 morem
677 226 808 248 servare
826 219 996 258 tuamque,

129 268 210 300 dum
227 268 378 300 custodis
392 279 481 310 eges
502 268 608 300 vitam
624 268 818 310 famamque
834 269 919 300 tueri

129 320 335 353 incolumem
351 331 490 363 possum
509 333 515 352 :
540 321 640 353 simul
656 332 694 352 ac
711 321 879 353 duraverit
895 326 986 353 aetas

130 374 284 405 membra
301 374 519 416 animumque
536 378 641 412 tuum,
659 374 756 405 nabis
769 373 841 406 sine
853 372 1000 406 cortice.’
1048 374 1095 407 sic
1112 385 1166 406 me

131 426 300 458 formabat
315 437 458 469 puerum
474 426 583 466 dictis,
605 433 638 458 et
655 427 723 458 sive
741 426 878 459 iubebat
1119 442 1165 459 121

131 486 168 511 ut
184 479 330 511 facerem
348 479 440 521 quid,
466 480 590 511 ‘habes
607 484 778 512 auctorem
796 490 863 522 quo
881 479 981 512 facias
998 478 1100 512 hocz'

133 543 238 564 unum
256 543 297 563 ex
313 532 481 564 iudicibus
498 532 635 564 selectis
653 532 821 564 obiciebat
839 543 847 571 ;

132 585 203 617 sive
220 585 365 624 vetabat,
390 586 399 600 ⁶
413 596 456 616 an
472 585 537 617 hoc
554 585 771 617 inhonestum
788 589 821 616 et
838 584 956 616 inutile
973 584 1063 617 factu

133 648 239 670 necne
256 638 298 670 sit
316 637 505 676 addubites,
526 637 644 680 flagret
661 649 795 669 rumore
810 637 902 669 malo
924 648 1000 669 cum

132 690 188 722 hic
204 697 306 733 atque
323 690 380 722 ille
393 691 407 722 ?
418 689 425 703 '
472 690 589 722 avidos
607 690 756 722 vicinum
773 690 871 721 sunus
888 695 924 721 ut
941 701 1060 732 aegros

133 743 304 775 exanimat
320 743 507 785 mortisque
523 748 615 774 metu
632 743 695 774 sibi
713 753 850 785 parcere
868 742 969 784 cogit,

134 796 181 827 sic
198 801 330 828 teneros
347 796 477 828 animos
494 796 604 827 aliena
621 795 804 838 opprobria
821 806 922 837 saepe

134 849 321 881 absterrent
338 849 438 880 vitiis.
489 859 530 880 ex
545 848 610 880 hoc
629 859 693 890 ego
709 859 810 880 sanus
826 849 869 880 ab
886 848 963 887 illis,

134 901 319 944 perniciem
335 912 567 944 quaecumque
584 901 704 940 ferunt,
721 901 948 933 mediocribus
965 905 998 933 et
1015 902 1091 944 quis
1122 917 1171 940 130

135 954 290 997 ignoscas
305 954 396 986 vitiis
411 959 529 986 teneor
542 966 552 993 ;
575 954 725 985 fortassis
742 959 775 985 et
792 954 891 986 istinc

136 1006 273 1049 largiter
288 1007 464 1039 abstulerit
477 1007 578 1049 longa
596 1012 698 1045 aetas-3,
720 1007 806 1039 liber
824 1007 964 1046 amicus,

93 1084 96 1086 -
136 1060 314 1092 consilium
331 1060 516 1102 proprium.
555 1070 664 1101 neque
676 1060 776 1097 enim,
793 1071 869 1091 cum
883 1059 1024 1091 lectulus
1042 1064 1097 1091 aut
1117 1070 1170 1091 me

137 1113 286 1155 porticus
302 1113 444 1154 excepit,
465 1113 583 1144 desum
599 1112 693 1143 mihi.
750 1113 889 1143 ‘rectius
906 1112 969 1144 hoc
987 1118 1036 1144 est
1050 1124 1060 1152 3

137 1165 203 1197 hoc
218 1165 343 1197 faciens
361 1166 472 1196 vivam
490 1164 609 1196 melius
624 1175 632 1202 ;
658 1164 704 1195 sic
721 1164 829 1195 dulcis
847 1165 963 1195 amicis

139 1227 322 1250 occurram.
360 1218 426 1249 hoc
443 1217 581 1259 quidam
598 1227 666 1247 non
684 1216 772 1247 belle
787 1228 794 1246 ι
822 1217 987 1258 numquid
1006 1227 1068 1258 ego
1086 1216 1136 1248 illi

140 1270 336 1312 imprudens
352 1270 433 1301 olim
452 1270 571 1301 faciam
589 1268 697 1300 simile
712 1270 725 1300 ?
739 1267 746 1281 '
772 1269 854 1300 haec
871 1280 934 1311 ego
952 1280 1084 1301 mecum

140 1323 341 1365 compressis
358 1323 449 1364 agito
468 1322 593 1359 labris;
620 1322 676 1353 ubi
695 1321 775 1363 quid
796 1322 894 1352 datur
911 1322 967 1361 oti,

140 1376 247 1408 illudo
263 1375 399 1407 chartis.
449 1375 514 1407 hoc
531 1380 580 1406 est
597 1374 823 1406 mediocribus
841 1375 905 1405 illis

140 1440 182 1461 ex
197 1428 288 1460 vitiis
305 1439 408 1459 unum
426 1439 433 1459 ε
457 1427 509 1459 cui
528 1428 554 1459 si
572 1427 757 1459 concedere
774 1426 871 1464 nolis,
1127 1442 1176 1466 ¹40

140 1481 247 1513 multa
261 1485 438 1522 poetarum
454 1479 566 1511 veniet
584 1490 713 1517 manus,
736 1479 861 1510 auxilio
880 1489 966 1521 quae

139 1533 181 1565 sit
199 1533 282 1564 mihi
301 1534 391 1572 (nam
409 1531 516 1563 multo
534 1531 645 1573 plures
663 1532 789 1571 sumus)
808 1542 847 1563 ac
864 1531 968 1563 veluti
984 1535 1018 1563 te

141 1585 260 1618 Iudaei
278 1595 436 1627 cogemus
453 1584 488 1615 in
504 1583 590 1616 hane
607 1584 792 1616 concedere
810 1584 953 1616 turbam.

141 1780 186 1814 V.
308 1781 540 1814 GRESSUM
561 1792 683 1823 magna
700 1792 754 1813 me
772 1782 900 1824 accepit
921 1781 1038 1813 Aricia
1057 1782 1167 1812 Roma

328 1834 476 1876 hospitio
493 1835 628 1866 modico
644 1847 650 1865 τ
677 1835 789 1866 rhetor
805 1845 919 1866 comes
938 1835 1158 1873 Heliodorus,

145 1885 351 1919 Graecorum
370 1887 471 1928 longe
487 1887 703 1918 doctissimus
719 1899 726 1918 :
751 1887 829 1919 inde
847 1888 972 1919 Forum
991 1887 1095 1929 Appi,

143 1938 313 1971 differtum
330 1939 448 1978 nautis,
470 1939 680 1980 cauponibus
696 1945 798 1982 atque
815 1940 981 1981 malignis.
