1410 2283
255 116 316 155 256
545 115 581 153 Q.
614 114 804 145 JJORATJ
827 114 998 146 FLACC!
1161 112 1277 156 [xvm.

252 189 357 222 virtus
373 195 421 222 est
440 189 586 221 medium
605 189 762 221 vitiorum
778 194 811 222 et
827 188 992 233 utrimque
1009 189 1196 224 reductum.

253 241 336 274 alter
354 243 384 274 in
403 242 601 283 obsequium
620 241 694 284 plus
711 252 819 284 aequo
836 252 971 285 pronus,
991 247 1025 276 et
1043 241 1104 275 imi
1249 257 1282 275 ιο

253 294 381 326 derisor
399 294 485 331 lecti,
507 294 552 325 sic
571 300 687 325 nutum
704 290 819 326 divitis
835 294 958 334 horret,

253 347 301 378 sic
320 346 412 378 itcrat
432 357 530 378 voces
547 351 579 378 ct
599 346 700 378 verba
716 347 872 378 cadentia
889 346 989 386 tollit,

254 405 288 430 ut
307 410 444 441 puerum
462 409 563 431 saevo
580 398 696 430 credas
712 398 838 430 dictata
854 399 1015 441 magistro

253 451 391 483 reddere
410 450 459 483 vel
478 458 587 494 partes
605 451 743 483 mimum
761 456 902 484 tractare
918 451 1104 485 secundas:

252 503 337 535 alter
354 504 477 535 rixatur
493 505 535 535 ‹lc
554 505 630 536 lana
647 514 746 546 saepe
762 504 908 546 caprina,

254 563 441 599 propugnat
459 557 555 598 nugis
572 562 719 588 armatus
735 568 743 588 z
770 557 778 571 ‘
792 556 919 589 scilicet
936 559 972 588 ut
988 566 1058 591 non

253 609 293 640 sit
314 610 393 640 milri
413 609 519 651 prima
539 609 619 641 tides
635 615 667 642 ct
687 619 761 642 vere
777 609 867 651 quod
886 609 995 652 placet
1011 614 1048 642 ut
1064 619 1133 642 non

254 662 372 693 acriter
388 662 553 693 elatrent?
577 662 719 704 pretium
737 667 828 694 actas
844 661 948 694 altera
964 659 1102 694 sordet.'

254 714 433 754 ambigitur
450 714 529 755 quid
549 714 638 745 enim
653 715 666 745 Ρ
701 715 822 746 Castor
839 713 921 746 sciat
938 724 981 746 an
999 713 1165 746 Dolichos
1180 713 1279 757 plus;

256 765 470 796 Brundisium
490 765 617 797 Minuci
636 765 754 797 melius
771 766 825 797 via
840 765 939 798 ducat
957 776 1000 797 an
1017 765 1123 808 Appi.
1247 781 1281 798 20

254 828 354 859 quem
371 817 534 849 damnosa
552 828 664 855 venus,
685 828 784 859 quem
802 828 961 860 praeceps
977 817 1051 850 alea
1066 817 1182 857 nudat,

254 869 361 911 gloria
378 880 477 911 quem
495 880 592 911 supra
611 869 696 901 vires
713 874 746 902 et
762 869 860 902 vestit
877 875 910 902 et
926 870 1054 912 unguit,

254 933 354 964 quem
372 928 462 954 tenet
479 923 605 963 argenti
624 922 695 954 sitis
713 922 903 964 importuna
920 921 1101 964 famesque,

255 985 354 1017 quem
372 974 575 1017 paupertatis
593 975 699 1017 pudor
715 980 746 1006 ct
766 974 854 1017 suga,
874 974 968 1006 dives
983 975 1123 1015 amicus,

255 1037 354 1069 saepe
371 1027 486 1059 decem
504 1027 592 1058 vitiis
610 1027 811 1065 instructior,
830 1027 901 1059 odit
917 1031 950 1059 et
966 1027 1104 1066 horret;

255 1085 322 1117 aut,
342 1079 368 1110 si
386 1090 451 1110 non
469 1079 552 1117 odit,
573 1079 655 1120 regit
672 1089 711 1111 ac
729 1079 830 1111 veluti
847 1079 903 1122 pia
918 1084 1026 1111 mater

256 1131 330 1174 plus
346 1142 446 1174 quam
464 1143 499 1164 se
514 1142 630 1174 sapere
645 1137 678 1164 et
696 1131 872 1163 virtutibus
888 1141 960 1164 esse
975 1131 1122 1174 priorem

257 1185 336 1222 volt,
356 1191 388 1217 et
406 1185 451 1216 ait
469 1195 573 1227 prope
591 1195 667 1217 vera
683 1197 690 1217 :
718 1186 727 1200 ‘
740 1185 1082 1218 meae—contendere
1098 1184 1213 1217 noli-

256 1237 429 1269 stultitiam
447 1237 618 1280 patiuntur
634 1247 714 1279 opes
732 1249 739 1269 z
764 1237 824 1269 tibi
841 1236 981 1280 parvola
996 1247 1048 1270 res
1063 1241 1125 1270 est.

255 1295 327 1321 arta
343 1290 438 1322 decet
457 1301 574 1321 sanum
591 1290 749 1323 comitem
767 1295 847 1332 toga
864 1302 872 1322 ι
896 1289 1011 1322 desine
1026 1300 1158 1322 mecum
1246 1304 1282 1330 30

255 1341 407 1374 certarc.’
455 1342 665 1384 Eutrapelus,
685 1342 882 1384 cuicumque
897 1352 1018 1374 nocere
1032 1341 1180 1382 volebat,

257 1395 458 1426 vestimenta
475 1395 578 1426 dabat
596 1395 742 1436 pretiosa
758 1406 765 1426 :
793 1395 802 1410 ⁶
817 1394 936 1426 beatus
952 1393 1041 1426 enirn
1059 1394 1126 1426 iarn

257 1457 331 1478 curn
349 1447 496 1489 pulchris
513 1447 632 1479 tunicis
649 1451 755 1479 sumet
774 1456 862 1478 nova
878 1446 1019 1479 consilia
1034 1451 1067 1479 et
1084 1457 1160 1490 spes
1173 1458 1184 1487 ;

256 1499 399 1531 dormiet
417 1499 449 1531 in
467 1499 586 1538 luceru,
606 1504 716 1531 scorto
731 1503 910 1541 postponet
927 1498 1105 1531 honestum

257 1551 415 1590 officium,
435 1562 591 1583 nummos
607 1551 735 1583 alienos
751 1555 876 1593 pascet,
897 1551 941 1583 ad
954 1551 1062 1583 imum

257 1603 390 1635 Thraex
407 1604 468 1636 erit
485 1610 540 1635 aut
557 1603 710 1635 holitoris
727 1609 802 1645 aget
819 1603 972 1636 mercede
987 1599 1181 1636 caballum!

257 1665 413 1687 arcanum
431 1667 538 1698 neque
556 1661 591 1688 tu
608 1655 807 1688 scrutaberis
824 1655 912 1688 illius
929 1665 1100 1698 umquam,

257 1708 537 1750 commissumque
554 1713 646 1750 teges
662 1713 695 1740 et
710 1707 790 1740 vino
806 1712 910 1740 tortus
926 1711 960 1740 et
976 1707 1036 1740 ira.

258 1769 319 1791 nec
336 1766 391 1791 tua
408 1760 560 1792 laudabis
578 1761 688 1792 studia
704 1764 761 1792 aut
777 1759 887 1792 aliena
904 1759 1093 1803 reprendes,

258 1821 330 1849 nec,
350 1822 425 1843 curn
443 1813 555 1844 venari
571 1812 662 1845 volet
679 1812 746 1852 ille,
767 1816 925 1855 poemata
941 1822 1079 1854 panges.
1249 1824 1285 1850 4ο

257 1863 365 1904 gratia
381 1863 428 1895 sic
445 1863 582 1896 fratrum
599 1865 810 1906 geminorum
828 1864 1033 1907 Amphionis
1048 1868 1150 1907 atque

257 1914 355 1947 Zethi
371 1915 526 1956 dissiluit,
547 1917 656 1949 donec
672 1922 827 1960 suspecta
842 1927 959 1950 severo
