1410 2283
310 173 370 211 138

302 1390 372 1423 111.

597 171 635 210 ρ.
666 171 798 201 HORA
808 171 858 202 T!
882 170 970 202 FLA
976 171 1054 204 cc!

397 256 466 280 non
484 245 567 278 Afra
583 246 654 278 avis
669 245 849 278 descendat
867 245 899 278 in
916 249 1065 280 ventrem
1080 257 1205 288 meum,

441 309 507 330 non
525 303 658 340 attagen
678 298 813 330 lonicus

397 350 573 383 iucundior
589 361 690 392 quam
708 350 793 382 lecta
809 350 852 392 de
869 349 1096 392 pinguissimis

440 402 530 435 oliva
546 402 647 434 ramis
664 402 832 441 arborum,

395 461 452 487 aut
469 455 573 487 herba
590 454 717 496 lapathi
735 459 830 496 prata
845 454 988 487 amantis
1004 458 1036 488 et
1052 453 1147 498 gravi

440 507 570 539 malvae
587 506 734 538 salubres
750 506 893 548 corpori,

396 559 447 592 vel
465 570 551 601 agna
568 558 658 591 sestis
675 569 770 591 caesa
787 558 1048 600 Terminalibus,

438 612 491 644 vel
509 611 635 643 haedus
651 615 784 653 ereptus
800 610 892 653 lupo.

394 662 454 696 has
472 664 556 695 inter
572 662 688 706 epulas
704 668 739 694 ut
757 662 847 694 iuvat
864 666 974 704 pastas
989 662 1062 695 ovis

438 716 550 748 videre
567 715 775 757 properantis
791 714 942 753 domum,

395 769 508 800 videre
526 767 628 799 sessos
646 777 814 798 vomerem
832 766 999 798 inversum
1015 766 1120 800 boves

438 819 527 852 collo
543 819 702 851 trahentis
720 817 891 858 languido,

393 873 585 915 positosque
603 881 730 909 vernas,
751 870 830 902 ditis
846 880 986 902 examen
1002 869 1133 910 domus,

436 925 561 957 circum
578 923 759 956 renidentis
777 920 904 954 Lares.'

393 976 476 1009 haec
494 976 551 1008 ubi
568 976 699 1008 locutus
716 975 880 1006 fenerator
897 973 1018 1014 Alfius,

437 1029 504 1060 iam
521 1028 588 1060 iam
605 1027 732 1059 futurus
749 1026 900 1065 rusticus,

393 1091 528 1113 omnem
545 1079 672 1121 redegit
690 1078 809 1110 Idibus
825 1077 1015 1120 pecuniam,

436 1132 566 1176 quaerit
583 1130 747 1164 Kalendis
763 1140 899 1173 ponere.

475 1388 692 1421 ARENTIS
709 1388 790 1421 olim
807 1388 910 1431 siquis
925 1387 1029 1432 impia
1044 1399 1146 1422 manu

541 1441 645 1473 senile
660 1446 774 1483 guttur
791 1440 937 1483 fregerit,

388 1493 457 1526 edit
475 1492 590 1525 cicutis
605 1493 709 1524 alium
725 1493 911 1524 nocentius.

432 1556 453 1577 o
468 1546 551 1576 dura
568 1555 754 1576 messorum
769 1543 828 1576 ilia
841 1545 850 1576 l

388 1597 469 1640 quid
486 1597 550 1629 hoc
567 1597 686 1629 veneni
703 1596 807 1628 saevit
824 1596 858 1628 in
875 1595 1104 1638 praecordiis?

432 1660 513 1681 num
529 1649 698 1691 viperinus
715 1647 767 1680 his
783 1658 880 1680 cruor

387 1701 539 1733 incoctus
554 1701 667 1733 herbis
682 1711 736 1732 me
752 1699 880 1738 fefellit,
900 1709 942 1731 an
959 1697 1065 1731 malas

432 1753 577 1785 Canidia
593 1753 747 1784 tractavit
764 1753 868 1794 dapes
879 1752 896 1783 ?

386 1808 423 1836 ut
440 1804 653 1846 Argonautas
669 1808 800 1846 praeter
815 1802 924 1835 omnis
940 1801 1121 1834 candidum

431 1856 555 1888 Medea
572 1856 691 1887 mirata
707 1860 756 1887 est
772 1855 904 1893 ducem,

387 1907 502 1949 ignota
519 1908 621 1939 tauris
639 1907 844 1949 illigaturum
860 1906 938 1948 iuga

430 1959 585 2001 perunxit
602 1958 668 1990 hoc
686 1959 844 1990 Iasonem
859 1967 871 1996 ;

1301 1146 1335 1171 70
