1458 2315
129 129 210 172 VIL]
374 130 433 162 SA
443 130 474 161 T
472 130 594 161 JRAR
601 131 678 161 UM
701 130 847 160 LIBER
874 130 921 160 ll.
1116 140 1173 160 221

131 218 210 240 cum
225 210 259 240 te
275 206 435 240 formidet
452 207 574 240 mulier
590 217 702 250 neque
718 206 834 239 credat
851 205 990 239 amanti.

131 261 198 294 ibis
215 261 277 294 sub
293 260 423 294 furcam
440 261 589 304 prudens
605 261 815 303 dominoque
832 260 956 292 furenti

133 315 326 347 committes
336 325 408 347 rem
424 325 563 347 omnem
579 319 611 346 et
629 314 735 346 vitam
747 319 780 346 et
796 324 873 346 curn
885 324 1026 357 corpore
1039 313 1171 346 famam.

133 367 250 400 evasti.
302 368 414 407 credo,
435 372 567 399 metues
584 367 771 409 doctusque
785 366 921 399 cavebis
937 379 945 400 ι

134 430 277 462 quaeres
294 420 431 462 quando
450 420 572 452 iterum
590 430 715 462 paveas
732 420 921 462 iterumque
939 420 1049 463 perire

134 473 255 516 possis,
277 484 298 505 o
315 474 440 506 totiens
457 484 572 506 servus
589 475 597 506 l
623 484 709 516 quae
726 473 828 505 belua
844 473 964 516 ruptis,
1144 488 1176 512 70

135 537 214 559 cum
230 527 335 559 semel
351 526 479 569 effugit,
500 526 611 559 reddit
628 537 664 559 se
680 537 783 569 prava
800 526 953 559 catenis?

141 581 246 613 “non
268 590 342 612 sum
366 579 527 613 moechus
542 578 560 593 ’³
578 579 627 612 ais
644 592 651 612 ε
675 590 785 622 neque
803 590 866 622 ego
883 579 1019 612 hercule
1035 579 1096 619 sur,
1118 580 1177 612 ubi

272 643 353 665 vasa

137 689 312 730 praetereo
330 685 466 728 sapiens
482 688 650 728 argentea.
699 685 781 718 tolle
797 685 962 729 periclum
978 697 987 720 ι

138 739 206 772 iam
222 750 309 782 vaga
325 739 479 782 prosiliet
496 739 599 772 frenis
616 743 736 771 natura
753 739 902 772 remotis.

139 797 220 826 tune
236 793 321 825 mihi
338 792 508 832 dominus,
530 803 640 825 rerum
658 792 810 835 imperiis
827 792 1074 835 hominumque

138 851 190 879 tot
206 846 377 889 tantisque
393 845 516 885 minor,
538 857 639 888 quem
657 850 709 878 ter
724 845 876 878 vindicta
892 851 1078 888 quaterque

138 899 298 942 imposita
313 899 405 931 haud
422 909 585 941 umquam
602 899 725 931 misera
741 899 924 932 formidine
941 900 1052 942 privet
1066 900 1081 932 ?

139 952 228 985 adde
244 963 345 995 super
361 952 460 984 dictis
477 952 570 995 quod
586 950 656 984 non
672 952 780 985 levius
796 952 908 986 valeat
925 965 932 985 z
956 964 1048 992 nam,

139 1005 210 1038 sive
226 1005 370 1037 vicarius
386 1009 436 1038 est
453 1005 511 1047 qui
529 1015 625 1037 servo
641 1010 747 1047 paret,
768 1006 818 1038 uti
835 1017 910 1038 mos

128 1063 251 1091 -vester
261 1058 318 1097 ait,
334 1069 392 1090 seu
405 1068 597 1097 conservus,
615 1058 678 1090 tibi
692 1059 774 1100 quid
786 1070 860 1091 sum
875 1070 938 1102 ego
950 1060 965 1091 ?
988 1070 1111 1103 nempe
1148 1067 1181 1092 80

142 1116 189 1151 tu,
209 1111 293 1143 mihi
311 1111 369 1153 qui
385 1111 571 1153 imperitas,
591 1111 667 1142 aliis
684 1112 787 1143 servis
804 1112 906 1144 miser
922 1117 1023 1155 atque

142 1164 273 1196 duceris
291 1168 327 1195 ut
343 1163 455 1196 nervis
472 1163 592 1195 alienis
607 1163 735 1195 mobile
753 1164 892 1206 lignum.

142 1216 299 1259 quisnam
314 1217 415 1259 igitur
432 1215 542 1248 liber?
566 1215 712 1258 sapiens,
731 1216 795 1247 sibi
812 1217 870 1258 qui
887 1216 1098 1259 imperiosus,

141 1280 244 1312 quem
279 1280 389 1312 neque
422 1268 601 1311 pauperies
634 1278 745 1311 neque
779 1280 869 1302 mors
902 1280 1013 1313 neque
1046 1269 1180 1304 vincula

276 1327 410 1362 terrent,

143 1386 341 1419 responsare
358 1376 586 1419 cupidinibus,
607 1379 824 1408 contemnere
840 1375 987 1408 honores

143 1429 248 1469 sortis,
267 1434 300 1462 et
317 1429 351 1462 in
368 1440 403 1462 se
420 1430 494 1472 ipso
512 1433 602 1461 totus
619 1433 706 1461 teres
723 1433 824 1471 atque
841 1429 1015 1469 rotundus,

141 1482 272 1515 externi
288 1483 414 1525 nequid
432 1482 542 1515 valeat
560 1493 620 1524 per
635 1481 709 1514 leve
727 1482 860 1522 morari,

142 1534 178 1567 in
193 1545 296 1577 quem
312 1546 433 1568 manca
450 1535 515 1567 ruit
533 1545 665 1577 semper
683 1535 844 1567 Fortuna.
895 1539 1037 1577 potesne

143 1598 185 1620 ex
201 1587 254 1619 his
270 1592 306 1620 ut
323 1587 498 1630 proprium
516 1587 599 1629 quid
615 1588 776 1619 noscere?
799 1587 950 1630 quinque
963 1588 1091 1621 talenta

143 1640 253 1683 poscit
271 1644 304 1673 te
319 1641 451 1681 mulier,
473 1646 570 1673 vexat
590 1640 784 1683 foribusque
801 1640 973 1683 repulsum
1149 1658 1182 1684 90

143 1693 317 1738 perfundit
333 1693 457 1736 gelida,
479 1703 591 1726 rursus
608 1698 717 1725 vocat.
769 1693 860 1736 eripe
877 1694 966 1736 turpi

142 1746 232 1779 colla
248 1746 340 1789 iugo,
364 1747 388 1763 “
399 1746 496 1786 liber,
517 1746 603 1778 liber
619 1757 692 1778 sum
708 1745 727 1760 ’'
744 1746 800 1778 dic
817 1757 888 1789 age.
941 1758 1008 1779 non
1027 1748 1101 1791 quis
1117 1761 1124 1781 :

142 1803 261 1843 urguet
277 1799 368 1832 enim
385 1799 543 1832 dominus
559 1804 709 1832 mentem
725 1810 794 1832 non
811 1799 896 1832 lenis
913 1805 946 1833 et
962 1801 1048 1834 acris

142 1851 309 1885 subiectat
325 1851 414 1885 lasso
431 1852 586 1885 stimulos
599 1857 776 1895 versatque
793 1857 985 1896 negantem.

143 1904 198 1938 vel
214 1916 292 1938 cum
310 1906 474 1939 Pausiaca
491 1910 614 1948 torpes,
637 1905 765 1946 insane,
785 1906 922 1947 tabella,

143 1958 201 2001 qui
218 1969 338 2002 peccas
356 1959 466 1992 minus
482 1964 583 2002 atque
600 1970 674 2002 eg0,
696 1970 772 1992 cum
792 1960 891 1993 Fulvi
910 1961 1136 2004 Rutubaeque
