1410 2283
292 124 334 148 n
583 113 620 153 Q.
652 112 784 144 ΗΘΚΛ
793 112 843 144 TI
865 111 1040 144 FLACCI
1196 110 1314 154 [xvrn.

469 189 524 222 hic
541 188 728 221 innocentis
743 186 866 231 pocula
882 186 998 220 Loebii

468 242 570 274 duces
588 241 650 273 sub
665 240 795 279 umbra,
816 250 878 273 nec
896 238 1084 273 Semeleius

511 304 588 327 cum
602 293 712 326 Marte
727 292 911 326 confundet
926 291 1112 335 Thyoneus

556 345 695 388 proclia,
709 355 770 378 nec
787 350 915 391 metues
931 349 1127 389 protervum

467 469 621 508 suspecta
639 465 774 507 Cyrum,
796 475 839 498 ne
855 464 943 498 male
959 463 1086 508 dispari

466 518 704 551 incontinentis
722 518 835 550 iniciat
852 527 972 551 manus

511 577 544 604 et
561 571 690 603 scindat
707 570 900 603 haerentem
917 579 1077 603 coronam

554 622 702 655 crinibus
720 622 987 666 immeritamque
1003 626 1142 656 vestem.

292 889 429 923 XVIII.
570 889 752 928 ULLAM,
770 889 869 929 Varo,
893 899 987 922 sacra
1003 888 1070 922 vite
1086 888 1178 933 prius
1194 888 1319 923 severis

678 942 833 974 arborem

290 994 378 1027 circa
393 994 474 1027 mite
491 993 599 1027 solum
617 994 753 1026 Tiburis
769 999 801 1026 ct
819 993 953 1026 moenia
970 993 1084 1027 Catili.

288 1048 386 1080 siccis
401 1047 514 1079 omnia
530 1057 609 1078 narn
625 1047 709 1078 dura
725 1046 807 1079 deus
823 1046 1007 1089 proposuit,
1028 1056 1137 1089 neque

290 1099 465 1132 mordaces
479 1099 576 1131 aliter
591 1099 770 1141 diffugiunt
787 1098 1041 1131 sollicitudines.

290 1153 365 1196 quis
378 1158 453 1195 post
471 1152 548 1184 vina
565 1162 701 1194 gravem
720 1151 875 1183 militiam
891 1155 949 1183 aut
965 1149 1161 1193 pauperiem
1177 1152 1319 1194 crepat?

288 1205 363 1248 quis
376 1215 443 1236 non
456 1210 487 1236 te
501 1205 623 1247 potius,
642 1204 774 1236 Bacche
786 1208 890 1246 pater,
911 1207 1022 1246 teque,
1035 1203 1161 1236 decens
1177 1203 1318 1237 Venus?

285 1263 319 1289 at
337 1267 378 1290 ne
395 1257 470 1299 quis
487 1256 611 1288 modici
629 1255 794 1288 transiliat
811 1265 950 1288 munera
967 1255 1093 1295 Liberi,

290 1310 476 1342 Centaurea
493 1313 605 1341 monet
624 1319 701 1341 cum
721 1307 877 1351 Lapithis
895 1307 966 1340 rixa
980 1318 1082 1351 super
1096 1318 1190 1341 mero

286 1361 468 1400 debellata,
485 1366 599 1393 monet
620 1360 785 1393 Sithoniis
802 1370 869 1392 non
886 1360 969 1393 levis
986 1359 1127 1400 Euhius,

285 1424 362 1446 cum
378 1413 428 1445 sas
443 1418 544 1456 atque
561 1412 654 1445 nefas
670 1413 792 1455 exiguo
808 1411 874 1445 fine
890 1412 1072 1444 libidinum
1285 1427 1318 1445 ιο

286 1466 479 1498 discernunt
496 1466 599 1498 avidi.
648 1475 717 1497 non
733 1475 797 1508 ego
814 1469 857 1504 te,
877 1464 1020 1498 candide
1035 1464 1211 1505 Bassareu,

286 1518 428 1550 invitum
444 1518 606 1560 quatiam,
625 1528 688 1550 nec
705 1517 805 1550 variis
820 1517 931 1549 obsita
948 1516 1123 1550 frondibus

285 1570 348 1603 sub
365 1570 480 1602 divum
496 1571 637 1612 rapiam.
689 1580 789 1603 saeva
804 1574 881 1602 tene
897 1580 973 1602 cum
993 1569 1192 1612 Berecyntio

284 1633 387 1655 cornu
403 1628 575 1666 tympana,
596 1633 685 1665 quae
700 1622 914 1664 subsequitur
929 1631 1048 1654 caecus
1064 1621 1174 1654 Amor
1187 1621 1250 1661 sui,

283 1680 315 1707 et
335 1675 457 1708 tollens
473 1685 615 1707 vacuum
631 1675 706 1717 plus
722 1674 828 1707 nimio
846 1674 964 1707 Gloria
979 1673 1152 1713 verticem,

283 1728 463 1770 arcanique
481 1728 583 1760 Fides
599 1727 753 1771 prodiga,
774 1726 980 1770 perlucidior
996 1725 1093 1760 vitro.
