1458 2315
113 128 167 170 x.]
371 128 675 159 SATJRARUM
701 129 846 159 LIBER
873 129 901 159 I.
1101 130 1160 167 189

114 205 320 238 defendente
337 205 446 237 vicem
462 205 568 238 modo
584 204 727 238 rhetoris
743 209 844 248 atque
860 208 993 248 poetae,
1124 219 1159 237 20

115 258 288 291 interdurn
304 258 436 297 urbani,
458 258 628 300 parcentis
642 258 768 290 viribus
785 263 888 300 atque

116 312 332 345 extenuantis
349 322 406 343 eas
424 311 591 343 consulto.
641 311 821 343 ridiculum
839 311 908 343 acri

115 365 236 397 fortius
252 369 286 397 et
301 365 423 396 melius
440 375 583 407 magnas
599 364 798 407 plerumque
815 369 905 397 secat
922 374 984 396 res.

117 418 180 457 illi,
200 417 326 460 scripta
343 417 467 460 quibus
484 417 662 450 comoedia
678 417 788 459 prisca
804 417 884 449 viris
900 422 960 456 est,

117 470 184 503 hoc
200 471 346 509 stabant,
367 470 434 502 hoc
452 476 529 502 sunt
546 470 703 502 imitandi
720 482 727 502 ι
751 481 836 513 quos
853 481 963 513 neque
980 467 1122 513 pulcher

120 523 360 566 Hermogenes
378 533 541 565 umquam
558 523 640 565 legit
658 533 767 565 neque
785 523 901 555 simius
917 523 981 554 iste

117 579 167 611 nil
184 584 318 622 praeter
337 579 482 611 Calvum
497 584 529 611 et
547 579 666 611 doctus
682 584 818 611 cantare
838 578 1024 612 Catullum.

121 635 132 650 ‘
145 638 180 666 at
198 643 361 675 magnum
379 632 458 665 fecit
475 632 567 675 quod
584 632 695 664 verbis
713 633 844 665 Graeca
861 632 992 664 Latinis

118 685 280 719 miscuit.'
327 697 348 718 ο
367 687 432 718 seri
450 686 638 718 studiorum
654 688 661 718 !
687 686 789 728 quine
806 686 931 728 putetis

119 739 258 773 difficile
274 743 307 772 et
327 739 461 778 mirum,
484 739 622 771 Rhodio
639 739 730 782 quod
750 739 959 771 Pitholeonti
1130 753 1164 777 30

120 793 263 836 contigit
275 793 290 824 ?
318 793 327 808 ⁴
341 796 376 824 at
392 803 503 825 sermo
520 792 636 835 lingua
651 792 835 824 concinnus
851 797 993 835 utraque

121 847 265 886 suavior,
292 850 330 878 ut
349 845 438 878 Chio
455 850 536 878 nota
553 846 580 878 si
597 846 783 878 commixta
801 846 937 878 Falerni
955 844 1026 878 est.⁵

122 909 201 931 cum
218 908 333 930 versus
349 897 463 937 facias,
484 902 518 930 te
535 898 645 940 ipsum
662 902 853 941 percontor,
873 908 918 929 an
935 902 968 930 et
984 907 1062 929 cum

126 951 210 983 dura
227 951 290 982 tibi
307 951 501 993 peragenda
517 951 565 983 rei
581 951 622 983 sit
640 962 741 983 causa
755 951 895 983 Petilli?

126 1002 254 1034 scilicet
270 1002 395 1035 oblitos
411 1002 609 1044 patriaeque
624 1002 795 1044 patrisque
813 1001 939 1041 Latini,

126 1065 205 1087 cum
222 1055 345 1086 Pedius
363 1065 478 1086 causas
496 1054 636 1087 exsudet
656 1054 833 1086 Publicola
849 1059 951 1097 atque

99 1103 102 1107 ’
129 1108 306 1146 Corvinus,
328 1107 445 1150 patriis
462 1107 690 1140 intermiscere
706 1107 814 1149 petita.

129 1160 234 1193 verba
248 1160 328 1193 soris
346 1160 444 1192 malis
463 1160 625 1192 Canusini
642 1171 735 1192 more
752 1160 913 1202 bilinguis
925 1161 940 1192 ?

126 1220 229 1258 atque
246 1225 309 1257 ego
328 1223 404 1246 cum
423 1213 572 1245 Graecos
590 1212 733 1245 facerem
750 1218 848 1244 natus
865 1223 957 1245 mare
974 1212 1058 1245 citra

127 1267 318 1305 versiculos,
340 1265 447 1298 vetuit
463 1276 518 1297 me
534 1265 594 1296 tali
612 1276 693 1297 voce
711 1265 883 1306 Quirinus,
1133 1281 1168 1305 40

128 1326 206 1364 post
222 1320 372 1353 mediam
390 1322 526 1350 noctem
542 1318 642 1356 visus,
664 1328 740 1349 cum
756 1318 887 1349 somnia
904 1328 992 1358 vera,

130 1376 139 1390 ‘
152 1374 186 1406 in
204 1373 326 1406 silvam
343 1382 412 1404 non
430 1370 522 1413 ligna
539 1370 623 1402 seras
640 1370 788 1403 insanius
805 1381 843 1402 ac
860 1371 887 1403 si

125 1437 267 1468 magnas
289 1425 496 1458 Graecorum
514 1423 612 1455 malis
630 1423 770 1465 implere
786 1422 963 1456 catervas.'

125 1480 278 1522 turgidus
293 1479 440 1522 Alpinus
462 1476 590 1519 iugulat
607 1476 688 1507 dum
707 1476 892 1508 Memnona
908 1477 1057 1519 dumque

125 1532 268 1575 delingit
288 1533 400 1564 Rheni
419 1532 546 1563 luteum
565 1534 676 1571 caput,
696 1528 780 1560 haec
797 1539 860 1571 ego
878 1529 969 1568 ludo,

127 1596 212 1628 quae
228 1596 338 1628 neque
358 1585 392 1616 in
409 1584 492 1616 aede
511 1588 630 1614 sonent
648 1582 810 1613 certantia
827 1582 937 1614 iudice
954 1582 1078 1624 Tarpa,

126 1648 189 1670 nec
207 1638 346 1671 redeant
365 1638 485 1670 iterum
503 1643 603 1677 atque
624 1634 743 1665 iterum
762 1635 945 1676 spectanda
962 1635 1111 1669 theatris.

127 1696 247 1734 arguta
263 1690 437 1722 meretrice
455 1695 550 1732 potes
568 1689 733 1730 Davoque
751 1687 935 1720 Chremeta

129 1743 287 1776 eludente
305 1754 420 1775 senem
438 1742 544 1775 comis
562 1740 685 1784 garrire
705 1740 838 1773 libellos

128 1807 216 1829 unus
229 1797 393 1835 vivorum,
417 1795 572 1827 Fundani
588 1807 597 1833 ;
639 1793 748 1825 Pollio
766 1805 881 1835 regum
1133 1810 1168 1833 50

129 1849 218 1882 sacta
233 1849 323 1882 canit
340 1849 425 1891 pede
441 1854 490 1880 ter
508 1857 665 1890 percusso
681 1858 689 1885 3
715 1846 799 1878 sorte
816 1858 898 1889 epos
915 1858 991 1879 acer

129 1906 166 1934 ut
182 1913 283 1934 nemo
302 1901 424 1933 Varius
438 1900 530 1932 ducit
546 1912 554 1939 ;
580 1899 682 1930 moue
699 1904 799 1941 atque
820 1899 963 1932 facetum

131 1954 284 1998 Vergilio
301 1955 490 1987 adnuerunt
507 1952 693 1995 gaudentes
711 1963 784 1984 rure
805 1952 974 1986 Camenae
991 1966 998 1986 :
