1458 2315
127 151 180 196 v.]
382 151 441 186 S'A
451 152 685 186 TIRARUM
708 156 853 186 LIBER
882 157 911 186 J.
1110 166 1168 194 177

128 236 264 275 postera
280 231 337 264 lux
354 231 461 264 oritur
476 231 585 265 multo
601 231 791 275 gratissima
808 244 816 264 ε
837 241 986 275 namque

128 284 259 317 Plotius
276 289 308 317 et
325 284 449 316 Varius
467 284 648 317 Sinuessae
666 285 902 327 Vergiliusque
1134 300 1168 324 40

130 342 319 377 occurrunt,
341 338 474 370 animae
491 337 607 380 quales
624 349 733 380 neque
750 338 963 370 candidrores

129 396 217 423 terra
232 391 308 423 tulit
325 401 435 433 neque
453 391 527 434 quis
543 402 598 423 me
616 391 656 423 sit
675 391 863 423 devinctior
879 391 973 424 alter.

126 455 147 476 o
165 444 222 486 qui
239 444 435 486 complexus
453 448 485 476 et
501 444 625 486 gaudia
641 449 767 487 quanta
784 443 917 476 fuerunt
934 446 942 477 !

126 497 175 528 nil
192 507 255 539 ego
272 497 474 529 contulerim
491 497 638 529 iucundo
655 507 755 529 sanus
772 497 893 529 amico.

126 549 281 592 proxima
297 550 476 592 Campano
493 550 590 592 ponti
608 561 693 592 quae
711 549 837 589 villula,
859 554 986 582 tectum

125 602 290 645 praebuit,
312 607 345 635 et
362 603 500 645 parochi
517 613 604 645 quae
620 603 746 635 debent
763 603 855 645 ligna
871 603 1055 646 salemque.

126 656 206 688 hinc
222 655 305 687 muli
323 655 461 698 Capuae
479 656 622 688 clitellas
638 661 791 698 tempore
808 661 949 698 ponunt.
1076 653 1079 654 ⁷

126 709 236 742 lusum
254 708 279 740 it
295 709 487 748 Maecenas,
508 709 693 740 dormitum
711 720 774 751 ego
790 709 1029 752 Vergiliusque
1047 721 1054 741 :

125 772 272 804 namque
288 761 358 804 pila
374 761 477 803 lippis
494 761 668 793 inimicum
685 767 718 794 et
735 762 852 794 ludere
870 763 992 795 crudis.

124 815 204 847 hine
221 825 283 847 nos
300 814 424 847 Coccei
440 814 559 856 recipit
576 815 773 857 plenissima
789 815 880 855 villa,
1133 830 1167 854 50

125 878 212 910 quae
228 878 329 910 super
345 872 394 900 est
411 868 521 900 Caudi
539 878 722 910 cauponas.
772 879 863 900 nunc
880 868 964 900 mihi
982 869 1098 911 paucis

127 921 297 954 Sarmenti
314 931 446 952 scurrae
463 931 613 963 pugnam
631 921 803 964 Messique
821 921 952 961 Cicirri,

127 974 237 1012 Musa,
257 973 359 1005 velim
376 984 552 1012 memores,
574 978 606 1006 et
624 985 692 1017 quo
710 979 805 1016 patre
824 979 922 1006 natus
938 982 1080 1017 uterque

125 1026 304 1058 contulerit
320 1026 407 1058 lites.
456 1026 562 1058 Messi
579 1026 707 1058 clarum
724 1038 829 1069 genus
847 1027 928 1060 Osci
946 1039 954 1066 ;

107 1092 111 1096 ‘
128 1079 297 1111 Sarmenti
313 1078 452 1111 domina
468 1083 576 1111 exstat
594 1089 600 1111 :
624 1080 668 1111 ab
684 1079 737 1112 his
753 1080 938 1112 maioribus
956 1081 1019 1112 orti

126 1132 170 1164 ad
187 1142 336 1174 pugnam
351 1141 484 1163 venere.
533 1131 625 1174 prior
643 1132 843 1164 Sarmentus
865 1134 873 1148 ‘
885 1144 963 1176 equl
982 1138 1015 1166 te

127 1195 198 1216 esse
215 1184 275 1216 feri
293 1184 438 1216 similem
455 1183 559 1216 (lico)
607 1185 767 1223 ridemus,
789 1190 821 1217 et
839 1185 911 1228 ipse

128 1236 274 1268 Messius
294 1238 303 1252 ‘
316 1234 471 1279 accipi0‚'
489 1242 591 1278 caput
608 1242 641 1269 et
658 1241 782 1269 movet.
840 1240 847 1253 ‘
859 1248 879 1269 o
896 1244 953 1270 tua
971 1249 1074 1271 cornu

126 1290 161 1321 ni
178 1289 262 1322 foret
280 1294 414 1321 exsecto
432 1288 522 1320 frons
537 1288 544 1301 '
562 1290 681 1331 inquit,
707 1291 715 1305 ⁴
729 1290 810 1332 quid
830 1290 964 1330 [ποθι-οε,
986 1302 1064 1323 cum

126 1343 173 1374 sic
191 1341 327 1374 mutilus
343 1342 509 1373 minitaris
521 1343 534 1374 ?
546 1340 554 1354 ⁹
579 1347 611 1373 at
631 1342 679 1374 illi
697 1342 796 1374 foeda
813 1343 950 1375 cicatrix
1130 1352 1164 1377 60

126 1400 294 1427 saetosam
311 1394 398 1426 laevi
416 1394 561 1426 frontem
577 1400 772 1437 turpaverat
791 1396 867 1428 oris.

127 1448 341 1489 Campanum
358 1447 392 1478 in
410 1447 577 1486 morbum,
598 1447 631 1479 in
651 1447 770 1479 faeiem
788 1449 954 1490 permulta
973 1449 1111 1489 iocatus,

125 1506 294 1542 pastorem
312 1499 448 1532 saltaret
466 1500 514 1531 uti
535 1499 689 1542 Cyclopa
706 1501 846 1542 rogabat
862 1513 870 1540 ;

126 1553 173 1584 nil
190 1553 240 1584 illi
256 1553 350 1585 larva
367 1558 422 1584 aut
441 1553 574 1594 tragicis
592 1563 676 1595 opus
693 1564 765 1585 esse
783 1553 965 1586 cothurnis.

125 1606 234 1638 multa
251 1606 397 1638 Cicirrus
414 1606 457 1637 ad
474 1606 568 1638 haec.
617 1606 775 1637 donasset
794 1605 905 1638 iamne
922 1612 1076 1639 catenam

125 1669 166 1690 ex
185 1663 265 1691 voto
282 1658 436 1697 Laribus,
458 1659 641 1700 quaerebat
657 1671 663 1690 :
690 1659 799 1690 scriba
817 1659 908 1700 quod
925 1664 1021 1700 esset,

125 1711 197 1743 nilo
213 1711 358 1744 deterius
376 1712 533 1744 dominae
550 1711 601 1743 ius
618 1721 689 1744 esse
706 1724 714 1744 :
740 1711 881 1753 rogabat

126 1764 273 1807 denique
290 1775 347 1796 cur
364 1775 524 1807 umquam
542 1764 690 1806 fugisset,
711 1764 764 1796 cui
782 1765 861 1796 satis
878 1775 945 1796 una

125 1815 222 1849 farris
237 1816 324 1849 libra
339 1816 434 1855 soret,
455 1816 572 1859 gracili
591 1817 637 1848 sic
654 1822 790 1858 tamque
810 1817 944 1859 pusiHO.

124 1879 261 1911 prorsus
278 1869 422 1902 iucunde
440 1879 559 1901 cenam
576 1869 794 1911 producimus
812 1869 916 1901 illam.
1128 1887 1162 1910 70

125 1921 296 1954 tendimus
312 1921 391 1954 hinc
409 1926 498 1953 recta
517 1922 749 1953 Beneventum
764 1934 773 1961 ;
798 1922 855 1953 ubi
874 1921 1008 1955 sedulus
1024 1922 1149 1966 hospes

124 1984 235 2020 paene
251 1986 382 2008 macros
399 1975 478 2007 arsit
496 1974 577 2006 dum
594 1974 710 2007 turdos
728 1980 836 2007 versat
855 1975 889 2007 in
907 1975 987 2017 igni.
