1410 2283
274 104 332 142 176
573 102 609 140 Q.
640 99 771 130 HORA
781 99 831 129 T!
854 97 1026 130 FLACCI
1245 95 1292 138 [v.

271 179 335 211 hoc
352 178 414 210 iter
430 176 540 219 ignavi
558 175 742 213 divisimus,
763 173 863 206 altius
879 183 919 206 ac
934 183 996 206 nos

274 229 470 273 praecinctis
487 239 589 260 unum
608 238 615 259 ε
639 227 748 258 minus
763 231 815 258 est
831 225 942 268 gravis
959 223 1074 267 Appia
1089 223 1202 256 tardis.

273 283 326 314 hic
342 293 405 323 ego
423 287 560 324 propter
575 289 707 322 aquarn,
727 278 909 321 quoderat.
921 276 1110 316 deterrima,
1130 274 1236 308 ventri

275 335 388 367 indico
405 333 544 370 bellum,
565 331 715 364 cenantis
731 329 821 362 haud
837 330 951 361 animo
967 338 1076 371 aequo

273 391 469 428 exspectans
485 385 635 417 comites.
685 383 751 414 iam
769 392 835 414 nox
852 380 1011 413 inducere
1024 379 1121 413 terris

273 439 408 470 umbras
425 444 455 469 et
473 436 567 469 caelo
583 434 770 467 diffundere
786 434 881 474 signa
899 432 1048 475 parabat.
1268 444 1302 462 no

275 496 345 523 tum
364 490 455 532 pueri
474 488 595 526 nautis,
615 487 728 529 pueris
745 485 895 518 convicia
912 490 1034 517 nautae

274 544 432 585 ingerere.
487 543 495 556 ⁴
509 541 574 572 huc
589 538 723 581 appelle
742 539 750 570 l
795 542 960 570 trecentos
977 535 1103 568 inseris.
1146 533 1212 567 ohe

275 595 340 626 iam
356 594 435 626 satis
452 591 525 625 est.’
572 591 652 624 dum
669 601 725 624 aes
741 589 897 632 exigitur,
912 588 993 621 dum
1009 587 1100 620 mula
1116 586 1248 629 ligatur,

278 652 348 679 tota
366 646 434 678 abit
452 646 543 678 hora.
591 643 670 676 mali
688 642 811 675 culices
828 650 994 683 ranaeque
1010 639 1174 683 palustres

276 703 428 730 avertunt
447 707 596 729 somnos.
642 695 816 727 absentem
835 699 869 726 ut
887 697 998 725 cantat
1016 692 1160 724 amicam

275 751 379 783 multa
395 749 546 792 prolutus
565 757 673 789 vappa
690 751 792 778 nauta
807 751 907 787 atque
925 744 1034 776 viator

275 803 436 840 certatim,
458 801 593 833 tandem
612 800 713 832 sessus
730 797 874 830 dormire
893 797 1000 828 viator

276 856 392 898 incipit
411 865 449 886 ac
466 853 584 885 missae
603 857 735 894 pastum
753 848 934 882 retinacula
949 847 1063 880 mulae

275 915 376 940 nauta
394 907 486 949 piger
502 915 582 937 saxo
600 903 716 945 religat
733 902 907 944 stertitque
922 900 1071 943 supinus.

275 960 408 1001 iamque
424 958 495 990 (lies
512 957 636 994 aderat,
659 954 704 986 nil
722 965 798 986 cum
815 952 995 995 procedere
1012 951 1146 984 lintrem
1268 967 1304 984 ρο

276 1012 435 1044 sentimus
450 1022 459 1049 3
483 1009 590 1040 donec
607 1007 800 1040 cerebrosus
817 1005 945 1047 prosilit
964 1014 1049 1036 unus

276 1074 315 1095 ac
332 1063 441 1094 mulae
457 1066 645 1102 nautaeque
662 1063 763 1100 caput
780 1057 976 1099 lumbosque
994 1055 1125 1098 saligno

277 1116 361 1147 suste
377 1114 481 1147 dolat.
531 1117 650 1155 quarta
667 1111 720 1142 vix
739 1109 875 1141 demum
894 1108 1092 1150 exponimur
1107 1107 1202 1140 hora.

276 1179 334 1200 ora
351 1175 533 1207 manusque
552 1172 607 1196 tua
623 1163 774 1200 lavimus,
798 1161 950 1199 Feronia,
976 1159 1125 1203 lympha.

278 1220 370 1251 milia
388 1225 456 1250 tum
476 1217 587 1260 pransi
606 1216 667 1248 tria
685 1215 830 1257 repimus
847 1219 947 1256 atque
967 1213 1117 1245 subimus

278 1271 471 1314 impositum
487 1269 574 1301 saxis
591 1268 656 1299 late
673 1265 892 1299 candentibus
912 1265 1040 1297 Anxur.

278 1325 342 1356 huc
358 1329 517 1355 venturus
532 1326 602 1353 erat
620 1320 798 1351 Maecenas
817 1317 966 1359 optimus
983 1321 1084 1359 atque

279 1375 451 1413 Cocceius,
471 1373 561 1405 missi
580 1371 709 1414 magnis
724 1371 767 1402 de
784 1371 883 1402 rebus
900 1374 1042 1411 uterque

278 1427 389 1469 legati,
410 1436 543 1458 aversos
560 1424 648 1456 soliti
667 1433 870 1464 componere
887 1421 1025 1456 amieos.

278 1480 332 1511 hic
349 1479 453 1511 oculis
469 1488 532 1519 ego
550 1477 644 1518 nigra
662 1475 746 1507 meis
764 1473 904 1516 collyria
920 1473 1033 1515 lippus
1273 1485 1308 1510 30

280 1532 419 1563 illinere.
469 1530 595 1561 interea
612 1528 794 1559 Maecenas
811 1525 946 1558 advenit
962 1529 1064 1566 atque

280 1583 441 1615 Cocceius
458 1581 646 1623 Capitoque
665 1578 763 1611 simul
781 1577 953 1615 Fonteius,
974 1576 1016 1608 ad
1033 1584 1181 1617 unguem

282 1636 386 1666 sactus
401 1634 515 1670 homo,
538 1631 667 1664 Antoni
684 1641 751 1662 non
769 1635 805 1662 ut
823 1629 929 1671 magis
945 1628 1030 1660 alter
1044 1626 1182 1660 amicus-

283 1686 419 1717 Fundos
437 1685 578 1717 Aufidio
596 1684 707 1715 Lusco
723 1686 877 1724 praetore
894 1680 1038 1711 libenter

284 1739 473 1780 linquimus,
498 1736 605 1768 insani
623 1734 769 1767 ridentes
785 1731 935 1775 praemia
951 1730 1090 1768 scribae,

284 1795 493 1831 praetextam
511 1794 544 1820 ct
561 1787 666 1818 latum
683 1785 815 1817 clavum
831 1792 1024 1826 prunaeque
1038 1779 1204 1813 batillum.

285 1842 318 1873 in
337 1841 586 1872 Mamurrarum
602 1837 679 1870 lassi
696 1836 819 1868 deinde
835 1834 918 1867 urbe
933 1842 1118 1871 manemus,

286 1893 430 1925 Murena
446 1891 628 1934 praebente
645 1889 793 1925 domum,
815 1885 981 1929 Capitone
997 1884 1155 1924 culinam,
