1410 2283
285 133 343 161 272
569 123 604 160 Q.
636 122 825 152 HORATJ
848 121 1019 153 FLACCI
1254 122 1304 163 [11.
1334 120 1339 124 ⁶

284 203 315 230 et
331 197 406 229 laris
424 201 454 229 et
472 196 576 236 fundi,
594 201 772 239 paupertas
788 196 920 239 impulit
936 196 1045 230 audax

285 255 319 281 ut
338 260 448 281 versus
466 249 608 280 facerem
623 261 630 280 :
656 249 713 281 sed
731 249 821 291 quod
839 259 906 281 non
921 249 1007 281 desit
1023 249 1202 282 habentem

285 311 369 343 quae
388 306 543 342 poterunt
561 311 719 342 umquam
737 301 815 332 satis
829 311 1015 343 expurgare
1030 301 1169 341 cicutae,

283 353 316 384 ni
334 353 452 384 melius
469 353 613 384 dormire
630 358 744 394 putem
761 363 860 394 quam
877 353 1019 385 seribere
1034 355 1173 386 versus?

285 405 413 446 singula
429 405 471 436 de
489 404 586 436 nobis
603 405 682 436 anni
700 405 902 446 praedantur
917 410 1054 444 euntes;

285 457 435 498 eripuere
452 457 552 495 iocos,
574 467 738 495 venerem,
760 457 924 496 convivia,
944 457 1058 489 ludum
1075 468 1085 496 ;

284 510 425 540 tendunt
442 515 637 550 extorquere
654 513 809 551 poemata
824 521 831 541 :
855 509 934 551 quid
955 509 1074 541 faciam
1083 510 1164 542 -visi’

284 561 427 602 denique
444 572 512 592 non
529 572 644 593 omnes
661 561 778 593 eadem
795 560 955 592 mirantur
970 565 1148 604 amantque
1163 574 1172 594 t

284 613 429 645 carmine
447 618 481 644 tu
498 614 633 654 gaudes,
648 613 700 645 hic
716 613 900 645 delectatur
915 613 1045 652 iambis,

285 664 341 696 ille
360 665 493 696 Bioneis
510 665 716 697 sermonibus
732 668 765 696 et
782 664 850 697 sale
866 665 972 707 nigro.
1276 671 1312 698 60

285 721 350 748 tres
367 717 450 747 mihi
467 717 627 748 convivae
646 727 749 758 prope
766 716 941 748 dissentire
958 715 1122 756 videntur,

285 773 460 810 poscentes
477 768 569 799 vario
586 768 727 799 multum
744 767 875 799 diversa
891 767 1014 808 palato.

285 820 363 861 quid
383 820 458 851 dem
472 821 486 850 ?
509 819 589 860 quid
603 829 669 850 non
685 819 762 850 dem
773 819 788 850 Ρ
810 818 920 850 renuis
932 823 977 856 tu,
993 817 1083 860 quod
1096 817 1187 850 iubet
1198 818 1304 857 alter3

285 871 377 913 quod
392 871 487 913 petis,
510 871 543 902 id
560 880 639 902 sane
655 875 703 902 est
720 869 864 901 invisum
881 869 1081 912 acidumque
1097 870 1240 903 duobus.

285 926 416 965 praeter
432 927 540 954 cetera
557 933 610 954 me
629 923 800 953 Romaene
817 926 973 964 poemata
991 932 1104 954 censes

285 975 428 1006 scribere
443 985 540 1016 posse
557 974 641 1005 inter
657 979 705 1005 tot
719 984 811 1005 curas
827 978 941 1015 totque
958 973 1088 1006 labores
1100 975 1115 1005 Ρ

283 1027 339 1058 hic
356 1037 513 1068 sponsum
531 1030 637 1064 vocat,
659 1026 711 1057 hic
729 1025 878 1057 auditum
895 1025 1027 1067 scripta,
1044 1025 1167 1058 relictis

284 1079 438 1110 omnibus
455 1078 590 1110 officiis:
618 1078 717 1109 cubat
733 1078 787 1109 hic
804 1078 838 1108 in
854 1077 939 1110 colle
956 1077 1097 1119 Quirini,

284 1131 338 1166 hic
356 1135 502 1162 extremo
520 1131 553 1161 in
568 1130 748 1168 Aventino,
768 1130 924 1162 visendus
941 1134 1077 1172 uterque
1093 1141 1100 1162 :

284 1182 458 1214 intervalla
474 1182 566 1213 vides
582 1182 726 1213 humane
742 1181 929 1213 commoda.
982 1183 1115 1214 ‘verum
1273 1198 1307 1223 70

284 1245 386 1276 purae
403 1238 477 1266 sunt
493 1234 634 1275 plateae,
650 1233 733 1264 nihil
750 1237 785 1264 ut
802 1233 1038 1265 meditantibus
1054 1233 1192 1267 obsteb'

286 1287 420 1318 festinat
436 1286 563 1318 calidus
579 1285 677 1316 mulis
693 1284 881 1327 gerulisque
898 1285 1097 1327 redemptor,

285 1343 416 1381 torquet
432 1349 519 1370 nunc
534 1338 691 1379 lapidem,
713 1347 800 1369 nunc
817 1337 933 1379 ingens
949 1337 1104 1370 maehina
1125 1339 1263 1382 tignum,

286 1391 390 1424 tristia
406 1390 547 1422 robustis
564 1390 730 1421 luctantur
746 1389 860 1420 funera
875 1388 1039 1430 plaustris,

286 1445 347 1475 hac
364 1443 494 1474 rabiosa
509 1442 592 1483 sugit
609 1441 708 1479 canis,
729 1440 792 1473 hae
807 1440 970 1472 lutulenta
985 1442 1049 1474 ruit
1069 1453 1124 1475 sus
1140 1455 1148 1475 ε

285 1497 295 1527 i
312 1505 400 1526 nunc
415 1499 447 1526 et
463 1504 574 1525 versus
586 1498 694 1524 tecum
710 1492 872 1524 meditare
884 1503 1032 1525 canoros.

286 1547 483 1589 scriptorum
497 1546 615 1577 chorus
632 1545 741 1576 omnis
757 1548 846 1575 amat
863 1554 980 1577 nemus
1000 1550 1033 1578 et
1050 1545 1132 1588 fugit
1149 1544 1275 1586 urbem,

287 1600 347 1631 rite
364 1599 466 1630 cliens
483 1597 605 1628 Bacchi
624 1607 742 1628 somno
758 1596 934 1637 gaudentis
951 1601 983 1629 et
1001 1598 1119 1629 umbra
1133 1609 1142 1630 ε

287 1656 321 1682 tu
339 1661 392 1682 me
409 1650 493 1681 inter
509 1648 664 1690 strepitus
680 1652 860 1679 nocturnos
876 1652 975 1690 atque
992 1649 1128 1681 diurnos

287 1703 335 1733 vis
352 1712 469 1733 canere
485 1705 518 1732 et
534 1704 704 1732 contracta
720 1699 812 1741 sequi
830 1700 969 1742 vestigia
986 1705 1100 1732 vatum
1113 1701 1129 1732 Ρ
1270 1707 1304 1733 80

288 1753 467 1795 ingenium,
488 1752 551 1784 sibi
568 1751 658 1794 quod
675 1761 794 1782 vacuas
807 1750 991 1794 desumpsit
1009 1752 1160 1784 Athenas

287 1811 320 1836 et
337 1805 453 1836 studiis
470 1813 574 1835 annos
589 1807 714 1844 septem
731 1802 823 1835 dedit
840 1802 1052 1846 insenuitque

287 1856 379 1888 libris
395 1860 428 1887 et
444 1855 539 1893 euris,
560 1859 668 1886 statua.
683 1853 877 1886 taciturnius
894 1854 962 1887 exit
1200 1879 1202 1881 ,

288 1907 482 1950 plerumque
495 1910 528 1939 et
542 1905 609 1938 risu
625 1904 786 1952 populum
803 1904 923 1952 quatit:
947 1904 1002 1942 hic
1019 1915 1082 1953 ego
1097 1915 1206 1944 rerum
