1458 2315
101 125 210 168 xm]
365 127 642 159 CARMJNUM
664 107 815 159 LIBER
836 128 883 159 ll.
1105 137 1144 168 57

233 203 343 237 laetus
358 203 394 236 in
410 214 569 247 praesens
586 203 718 237 animus
736 204 827 248 quod
843 204 932 238 ultra
948 208 998 238 est

235 256 345 289 oderit
361 267 487 297 curare,
510 261 542 289 et
561 267 675 289 amara
691 257 784 289 lento

234 314 401 353 temperet
417 309 506 341 risu:
530 309 616 341 nihil
633 313 682 342 est
699 309 742 342 ab
759 310 851 342 omni

413 366 510 405 parte
526 362 676 396 beatum.

235 491 375 524 abstulit
391 491 520 525 clarum
537 492 603 525 cita
620 503 711 525 mors
729 493 912 534 Achillem,

232 545 337 588 longa
353 545 540 578 Tithonum
557 546 679 579 minuit
696 551 849 579 senectus
862 558 872 587 3
1107 562 1142 587 30

235 602 269 631 et
285 597 370 630 mihi
387 598 501 632 forsan
517 599 580 631 tibi
596 599 689 642 quod
705 601 836 643 negarit

412 651 562 694 porriget
578 651 673 685 hora.

232 784 266 813 te
281 790 401 823 greges
417 784 553 814 eentum
571 781 773 825 Siculaeque
791 782 916 815 circum

233 833 390 876 mugiunt
405 844 540 874 vaccae,
559 834 623 866 tibi
640 835 728 868 tollit
744 835 916 869 hinnitum

231 890 312 929 apta
327 886 500 930 quadrigis
516 897 615 930 equa,
634 892 667 921 te
684 888 736 921 bis
753 888 839 921 Afro

399 940 526 973 murice
543 941 670 974 tinctae

232 1068 379 1101 vestiunt
395 1068 493 1102 lanae
509 1080 517 1102 :
541 1069 626 1102 mihi
642 1081 747 1113 parva
765 1082 842 1104 rura
858 1076 892 1105 et

230 1120 386 1163 spiritum
403 1121 527 1154 Graiae
542 1126 680 1155 tenuem
697 1123 869 1157 Camenae

230 1173 338 1206 Parca
352 1184 421 1206 non
438 1174 585 1207 mendax
600 1176 704 1215 dedit,
726 1182 758 1209 et
775 1177 963 1220 malignum

408 1237 566 1269 spernere
582 1227 711 1271 volgus.
1103 1247 1138 1272 40

94 1498 215 1533 XVII.
333 1499 403 1533 UR
419 1511 474 1533 me
490 1501 637 1543 querelis
654 1504 826 1537 exanimas
844 1506 908 1539 tuis
921 1507 937 1539 ’τ’

397 1563 460 1585 nec
476 1554 528 1586 dis
545 1555 691 1588 amicum
708 1561 757 1589 est
775 1568 837 1590 nec
855 1559 936 1592 mihi
954 1563 986 1592 te
1004 1560 1096 1604 prius

294 1606 399 1645 obire,
420 1606 611 1647 Maecenas,
633 1619 784 1642 mearum

337 1658 466 1701 grande
482 1659 583 1692 decus
600 1661 822 1706 columenque
840 1675 960 1699 rerum.

247 1797 278 1825 a,
299 1791 332 1819 te
349 1798 445 1820 meac
461 1788 488 1819 si
506 1797 637 1829 partem
654 1791 786 1824 animae
803 1794 891 1836 rapit

246 1839 410 1871 maturior
426 1840 486 1878 vis,
507 1841 588 1882 quid
606 1853 718 1874 moror
735 1844 850 1885 altera,

290 1901 352 1924 nec
368 1902 465 1924 carus
482 1903 587 1935 aeque
605 1905 667 1927 nec
684 1902 852 1938 superstes

335 1943 491 1987 integer?
514 1946 569 1978 ille
587 1947 659 1980 dies
675 1954 853 1993 utramque

364 2020 381 2058 5
