1410 2283
206 151 263 183 11⁶

223 1782 286 1815 1x.

788 0 973 34 ''¹¹⁸9»

485 150 521 190 Q.
553 150 685 181 HORA
694 149 743 181 Τ]
767 147 939 182 mace!
1133 147 1224 192 [vm.

339 225 469 268 gaudes
486 224 691 258 carminibus
707 236 717 264 ;
739 223 890 258 carmina
904 233 1084 268 pommus

338 278 465 310 donare
481 283 514 310 et
531 277 675 321 pretium
692 277 803 310 dicere
819 276 960 310 muneri.

339 340 407 362 non
427 329 529 362 incisa
547 329 635 362 notis
651 339 818 362 marmora
835 328 990 372 publicis,

343 392 401 425 per
418 392 504 424 quae
521 382 656 424 spiritus
671 386 703 414 et
722 381 795 414 vita·
807 380 892 414 redit
909 380 1009 415 bonis

340 439 416 477 post
433 440 576 466 mortem
593 433 745 472 ducibus,
765 443 833 466 non
845 432 972 467 celera
987 432 1087 477 fugae

342 487 551 529 reiectaeque
568 491 747 518 retrorsum
765 484 971 518 Hannibalis
986 485 1109 526 minae,

341 548 408 570 non
426 537 580 570 incendia
597 537 812 580 Carthaginis
828 536 966 580 impiae,

341 590 411 623 eius
426 590 483 633 qui
499 590 629 622 domita
646 600 770 623 nomen
786 589 831 622 ab
847 589 966 622 Africa

345 642 490 675 lucratus
507 642 604 675 rediit
621 642 745 675 clarius
761 641 911 675 indicant

341 694 456 727 laudes
472 705 574 737 quam
591 693 757 727 Calabrae
774 693 923 727 Pierides
936 705 947 734 ς
970 702 1080 737 neque
1199 706 1236 726 no

341 746 370 779 si
387 746 521 779 chartae
539 746 658 778 sileant
674 745 766 789 quod
783 745 870 779 bene
886 745 1013 786 seceris,

343 798 531 831 mercedem
550 798 674 831 tuleris,
723 797 806 841 quid
823 797 908 831 soret
926 797 1011 831 Iliae

344 850 573 893 Mavortisque
591 860 682 892 puer,
702 849 729 882 si
746 849 955 883 taciturnitas

343 902 491 935 obstaret
508 902 635 934 meritis
653 902 768 934 invida
786 901 951 935 Romuli?

344 960 497 997 ereptum
515 954 641 996 Stygiis
659 953 814 987 fluctibus
828 954 977 987 Aeacum

343 1007 447 1040 virtus
463 1012 495 1039 et
513 1006 606 1039 favor
621 1011 654 1039 et
669 1005 785 1048 lingua
800 1005 989 1049 potentium

344 1063 460 1091 vatum
477 1058 638 1091 divitibus
655 1063 826 1091 consecrat
842 1057 971 1092 insulis.

344 1110 485 1153 dignum
498 1110 598 1143 laude
614 1110 722 1142 virum
740 1110 839 1142 Musa
855 1114 945 1143 vetat
959 1109 1046 1144 mori
1062 1122 1071 1144 ε

347 1163 441 1196 caelo
458 1163 557 1195 Musa
573 1162 660 1195 beat.
713 1161 760 1194 sic
778 1161 870 1194 Iovis
886 1161 1023 1196 interest

346 1215 471 1258 optatis
488 1214 596 1257 epulis
613 1214 756 1257 impiger
772 1213 949 1254 Hercul-s,
1204 1230 1239 1256 3⁰

346 1267 472 1300 clarum
488 1266 702 1309 Tyndaridae
718 1266 810 1299 sidus
825 1265 871 1299 ab
887 1265 1012 1301 infimis

347 1329 485 1362 quassas
501 1319 647 1362 eripiunt
663 1319 866 1362 aequoribus
883 1319 975 1361 ratis,

347 1376 485 1404 ornatus
501 1371 599 1404 viridi
617 1376 769 1414 tempora
785 1371 949 1414 pampino

350 1423 453 1457 Liber
467 1429 546 1457 vota
561 1423 669 1457 bonos
683 1423 775 1458 ducit
791 1423 835 1457 ad
850 1423 968 1458 exitus.

368 1780 447 1865 N
460 1781 491 1815 E
507 1781 592 1816 sorte
607 1783 723 1817 credas
739 1784 914 1819 interitura
928 1795 1017 1830 quae

480 1834 582 1877 longe
597 1840 775 1869 sonantem
790 1842 889 1871 natus
902 1837 948 1871 ad
961 1835 1124 1872 Aufidum

399 1895 468 1917 non
484 1891 562 1919 ante
578 1886 731 1930 volgatas
747 1899 810 1932 per
824 1893 914 1922 arta

443 1937 547 1970 verba
562 1937 684 1981 loquor
700 1941 862 1974 socianda
875 1940 1034 1980 cheulin
