1458 2315
170 149 240 192 nn]
501 152 706 184 EPODON
727 153 882 185 LIBER,
1158 164 1215 195 145

259 226 424 260 inliterati
440 238 524 260 num
540 228 652 262 minus
668 229 764 262 nervi
778 229 914 273 rigent?

304 280 462 314 minusve
476 281 616 324 languet
632 281 799 316 fascinum
809 285 824 316 ?

260 334 354 377 quod
372 338 409 366 ut
425 335 572 378 superbo
590 346 755 378 provoces
771 337 816 369 ab
833 337 983 381 inguine,

301 398 360 420 ore
377 387 650 421 adlaborandum
667 395 718 423 est
738 390 810 424 tibi.
1178 408 1214 425 20

165 698 230 731 IX.
353 697 533 731 UANDO
573 703 746 742 repostum
788 699 985 733 Caecubum
1025 699 1069 733 ad
1109 701 1211 735 festas

463 751 571 794 dapes

296 805 423 837 victore
439 804 550 837 laetus
567 805 712 838 Caesare

251 862 365 891 tecum
382 857 445 890 sub
461 857 625 891 alta—sic
644 858 720 890 Iovi
736 858 1034 902 gratum—domo,

294 911 396 944 beate
413 911 608 950 Maecenas,
628 911 747 944 bibam
763 914 779 945 ?

250 969 392 997 sonante
410 964 555 996 mixtum
572 965 666 997 tibiis
683 976 819 998 carmen
836 965 918 1008 lyra,

295 1017 360 1051 hac
377 1017 535 1057 Dorium,
557 1017 624 1050 illis
638 1018 821 1050 barbarum
838 1031 846 1050 :

250 1075 287 1103 ut
299 1081 418 1113 nuper,
439 1076 534 1103 actus
550 1082 628 1103 cum
644 1071 731 1104 freto
748 1071 944 1115 Neptunius

294 1123 365 1155 dux
381 1123 467 1166 fugit
482 1124 566 1155 ustis
582 1124 736 1163 navibus,

249 1176 398 1209 minatus
416 1176 505 1208 Urbi
520 1176 644 1215 vincla,
665 1187 753 1219 quae
769 1177 962 1210 detraxerat

294 1229 399 1261 servis
417 1229 545 1261 amicus
562 1229 712 1272 perfidis.
1170 1248 1202 1265 10

253 1283 429 1315 Romanus
446 1282 704 1324 eheu—posteri
721 1283 936 1326 negabitis—-

295 1336 528 1377 emancipatus
544 1334 690 1368 feminae

248 1388 312 1422 fert
327 1387 455 1420 vallum
473 1392 505 1420 et
521 1399 616 1420 arma
632 1388 730 1421 miles
747 1392 780 1421 et
797 1389 1005 1431 spadonibus

293 1441 418 1474 servire
435 1441 566 1484 rugosis
579 1446 702 1484 potest,

245 1495 400 1538 interque
417 1495 514 1537 signa
530 1499 628 1537 turpe
645 1495 805 1528 militaria

291 1548 343 1581 sol
360 1547 506 1591 adspicit
520 1548 714 1590 conopium.

243 1601 288 1634 ad
306 1600 419 1638 †hunc
435 1600 609 1633 frementis
625 1607 796 1634 verterunt
814 1602 866 1635 bis
883 1603 976 1637 mille
992 1616 1099 1649 equos

290 1654 384 1687 Galli
400 1658 561 1687 canentes
579 1654 773 1694 Caesarem,

244 1707 487 1751 hostiliumque
503 1707 640 1739 navium
657 1713 758 1750 portu
774 1709 880 1742 latent

286 1771 420 1804 puppes
437 1760 667 1792 sinistrorsum
684 1760 781 1794 citae.
1162 1778 1196 1796 20

242 1813 276 1846 io
293 1813 491 1856 Triumphe,
514 1817 551 1845 tu
566 1813 708 1846 moraris
723 1825 843 1847 aureos

284 1877 400 1900 currus
417 1871 451 1898 et
467 1866 612 1899 intactas
627 1866 733 1899 boves
746 1869 762 1900 ?

240 1918 274 1952 io
291 1919 490 1962 Triumphe,
508 1930 570 1952 nec
585 1919 788 1962 Iugurthino
804 1931 922 1965 parem

283 1972 376 2005 bello
392 1972 572 2015 reportasti
587 1972 720 2013 ducein,
