1458 2315
124 135 193 178 xn]

128 846 193 880 XI.

455 137 657 168 EPODON
680 138 834 168 LIBER.
1112 144 1169 175 147

304 217 338 246 et
355 211 414 244 illa
430 223 498 244 non
516 211 622 244 virilis
639 211 789 252 eiulatio,

351 276 469 308 preces
486 269 518 297 et
537 276 692 297 aversum
709 266 753 297 ad
773 266 903 305 Iovem,

306 319 424 351 Ionius
441 318 510 350 udo
527 329 603 350 cum
620 318 812 361 remugiens
830 319 923 352 sinus

351 372 447 404 Noto
464 371 614 404 carinam
631 372 770 413 ruperit.
1138 387 1172 404 20

305 425 422 468 opima
437 424 558 467 quodsi
574 424 702 467 praeda
718 435 820 457 curvo
836 425 935 459 litore

349 483 504 521 porrecta
521 488 654 519 mergos
671 477 821 521 iuveris„

306 531 509 565 libidinosus
526 530 758 563 immolabitur
775 542 878 576 caper

351 589 384 618 et
397 594 486 627 agna
503 583 789 626 Tempestatibus.

306 846 433 887 ETTI,
454 847 540 880 nihil
557 858 611 881 me
629 847 713 881 sicut
731 852 830 880 antea
848 846 941 880 iuvat

327 900 472 933 scribere
490 901 673 934 versiculos
691 912 806 934 amore
823 911 1018 943 percussum
1037 899 1142 944 gravi,

216 963 332 985 amore
348 953 406 996 qui
423 964 477 986 me
495 958 627 997 praeter
644 954 754 986 omnis
773 954 899 996 expetit

216 1006 377 1039 mollibus
394 1007 428 1038 in
445 1007 557 1049 pueris
574 1012 630 1039 aut
647 1007 680 1039 in
698 1007 819 1050 puellis
833 1018 940 1039 urere.

216 1059 273 1092 hic
288 1060 406 1092 tertius
426 1060 627 1099 December,
649 1071 690 1093 ex
707 1071 774 1103 quo
792 1060 906 1092 destiti

220 1113 361 1146 Inachia
377 1112 494 1152 furere,
518 1113 610 1146 silvis
626 1113 792 1145 honorem
809 1113 949 1145 decutit.

218 1166 285 1198 heu
301 1177 368 1206 me,
387 1177 448 1209 per
466 1165 595 1205 urbem,
616 1177 695 1198 nam
713 1166 816 1208 pudet
833 1166 919 1197 tanti
936 1165 1030 1207 mali,

219 1219 333 1251 sabula
349 1223 476 1262 quanta
494 1218 540 1250 sui
559 1220 566 1250 2
592 1218 824 1250 conviviorum
841 1223 873 1250 et
892 1219 1043 1261 paenitet

220 1272 255 1304 in
272 1272 346 1315 quis
364 1276 536 1304 amantem
554 1276 586 1303 et
604 1271 745 1313 languor
761 1276 794 1303 et
811 1271 981 1304 silentium

222 1326 332 1368 arguit
349 1330 382 1358 et
399 1325 502 1358 latere
520 1326 645 1368 petitus
662 1325 730 1356 imo
748 1325 893 1367 spiritus.
1136 1341 1169 1358 ιο

226 1379 235 1393 ‘
248 1384 409 1411 contrane
422 1378 552 1410 lucrum
569 1378 617 1409 nil
632 1378 742 1409 valere
760 1377 942 1409 candidum

221 1431 381 1474 pauperis
397 1432 571 1474 ingenium
589 1433 596 1463 Σ
611 1430 618 1444 ⁷
644 1431 809 1473 querebar
825 1430 1006 1474 adplorans
1025 1431 1096 1471 tibi,

219 1484 320 1516 simul
336 1485 476 1518 calentis
493 1484 737 1517 inverecundus
753 1484 836 1516 deus

222 1537 402 1571 fervidiore
418 1549 512 1570 mero
529 1549 652 1571 arcana
670 1541 842 1580 promorat
861 1537 948 1570 loco.

224 1591 234 1606 ‘
248 1591 367 1633 quodsi
385 1592 469 1624 meis
487 1592 651 1624 inaestuet
668 1591 874 1634 praecordiis

219 1642 327 1676 libera
341 1644 430 1684 bilis,
451 1650 487 1677 ut
504 1645 588 1678 haec
606 1645 737 1687 ingrata
754 1644 863 1676 ventis
880 1644 1010 1676 dividat

221 1695 372 1730 fomenta
387 1698 508 1730 volnus
525 1698 574 1730 nil
592 1699 720 1730 malum
736 1697 894 1736 levantia,

221 1749 352 1782 desinet
370 1750 554 1793 imparibus
572 1757 698 1784 certare
715 1758 903 1783 summotus
921 1749 1054 1793 pudor.’

220 1802 279 1834 ubi
296 1802 380 1836 haec
397 1814 530 1837 severus
548 1808 580 1837 te
597 1804 711 1846 palam
729 1804 955 1842 laudaveram,

219 1854 328 1887 iussus
344 1857 437 1889 abire
453 1857 593 1888 domum
612 1856 741 1889 ferebar
758 1857 885 1889 incerto
901 1856 988 1899 pede
1137 1873 1169 1889 20

222 1907 265 1939 ad
282 1918 350 1940 non
367 1909 494 1941 amicos
510 1909 575 1941 heu
593 1909 676 1940 mihi
694 1910 800 1952 postis
814 1915 846 1942 et
864 1910 930 1941 heu

222 1959 340 1993 limina
356 1961 450 2001 dura,
472 1962 595 2004 quibus
612 1962 745 1994 lumbos
762 1967 794 1994 et
812 1962 931 2005 infregi
949 1962 1046 1995 latus,
