1410 2283
271 143 328 172 182
556 140 592 179 Q.
625 139 815 170 HORAY!
838 137 1010 170 FLACC!
1229 134 1290 177 [vl.

273 216 400 248 iudicio
417 214 521 257 volgi,
542 225 642 247 sanus
658 214 798 247 sortasse
815 218 884 253 tun,
903 212 996 256 quod

273 268 398 300 nollem
417 278 501 299 onus
518 267 607 299 haud
625 277 784 309 umquam
802 266 919 298 solitus
936 269 1069 308 portare
1084 262 1275 296 molestum.

272 331 350 352 nam
368 320 449 352 mihi
466 320 628 352 continuo
645 319 752 351 maior
769 309 960 361 quaerenda
978 317 1062 350 soret
1078 327 1130 349 res
1246 328 1297 347 ιοο

271 379 373 414 atque
388 372 554 404 salutandi
573 372 692 414 plures,
715 370 888 402 ducendus
905 375 937 402 et
954 379 1040 401 unus

272 430 304 456 et
321 434 434 455 comes
450 423 546 462 alter,
567 423 613 454 uti
632 434 672 455 nc
690 423 780 454 solus
797 432 893 454 rusve
909 431 1090 464 peregreve

274 476 411 514 exirem,
432 475 543 518 plures
560 475 694 507 calones
711 481 812 517 atquc
829 474 950 506 caballi

271 528 442 570 pascendi,
462 527 615 559 ducenda
633 527 806 569 petorrita.
848 536 936 558 nunc
954 524 1036 557 mihi
1053 529 1149 557 curto

275 580 321 611 ire
340 579 415 611 licet
433 579 526 611 mulo
544 579 595 611 vel
612 579 639 611 si
658 579 738 611 libet
757 589 860 620 usque
877 578 1073 616 Tarentum,

273 632 418 663 mantica
435 633 486 663 cui
505 631 637 663 lumbos
654 641 754 663 onere
772 630 896 662 ulceret
914 635 1015 672 atque
1031 638 1133 672 eques
1149 637 1286 667 armon

271 684 394 715 obiciet
411 694 511 715 nemo
528 683 635 715 sordis
652 683 733 714 mihi
750 693 833 725 quas
850 682 922 721 tibi,
943 681 1036 720 Tuli,

273 746 349 767 cum
365 735 506 767 Tiburte
524 736 576 766 via
594 741 781 777 praetorem
799 734 947 776 quinque
963 737 1147 775 sequuntur

274 793 305 820 tc
323 788 426 829 pueri,
448 787 597 818 lasanum
616 792 786 828 portantes
804 786 1114 828 oenophorumque.

274 840 338 871 hoc
355 850 418 881 ego
435 839 645 871 commodius
662 849 765 881 quam
783 844 828 876 tu,
851 837 1021 880 praeclare
1038 841 1182 874 senator,
1246 849 1297 866 110

273 891 408 922 milibus
425 898 523 932 atque
540 890 614 921 aliis
632 891 719 922 vivo.
776 899 987 932 quacumque
1004 888 1110 920 libido
1126 892 1177 920 est

275 944 394 975 incedo
411 944 524 982 solus3
551 948 730 985 percontor
746 942 862 985 quanti
881 941 978 973 holus
995 951 1034 973 ac
1051 940 1125 980 sar;

274 995 426 1027 fallacem
443 996 580 1027 Circ'flm
598 996 892 1037 vespertinumque
911 1003 1046 1036 pererro

274 1058 374 1090 saepe
394 1048 517 1079 Forum
534 1059 542 1085 ;
566 1047 693 1078 adsisto
709 1046 833 1078 divinis
848 1057 857 1084 3
882 1045 960 1078 inde
977 1045 1115 1077 domum
1133 1055 1188 1076 me

278 1101 321 1132 ad
340 1100 428 1142 porri
447 1105 478 1131 et
496 1099 613 1131 ciceris
630 1099 737 1130 resero
750 1098 931 1141 laganique
947 1097 1094 1130 catinum
1111 1108 1120 1130 ε

274 1163 356 1184 cena
374 1152 579 1183 ministratur
596 1151 706 1193 pueris
724 1151 841 1190 tribus,
861 1156 894 1182 et
912 1150 998 1193 lapis
1013 1149 1110 1181 albus

274 1204 394 1247 pocula
411 1215 485 1235 cum
502 1203 624 1245 cyatho
640 1203 708 1234 duo
724 1203 864 1235 sustinet
878 1214 888 1244 3
912 1202 1021 1234 adstat
1038 1201 1176 1234 echinus

274 1256 358 1294 vilis,
380 1267 455 1287 cum
473 1263 588 1298 patera
602 1261 712 1297 gntus,
735 1255 912 1297 Campana
928 1254 1090 1297 supellex.

273 1308 394 1340 deinde
410 1319 451 1340 eo
469 1308 665 1346 dormitum,
687 1317 755 1339 non
774 1307 946 1345 sollicitus,
967 1305 1048 1338 mihi
1065 1303 1156 1347 quod
1172 1313 1245 1337 cras

272 1360 474 1402 surgendum
492 1360 534 1392 sit
550 1370 659 1397 mane,
679 1359 854 1391 obeundus
871 1358 1016 1400 Marsya,
1036 1357 1094 1399 qui
1111 1367 1147 1389 se
1245 1369 1297 1388 ιω

272 1413 401 1444 voltum
419 1412 502 1444 serre
521 1416 621 1454 negat
639 1411 828 1443 Noviorum
845 1421 943 1453 posse
959 1409 1111 1442 minoris.

272 1464 314 1496 ad
331 1470 483 1507 quartam
500 1464 593 1495 iaceo
607 1475 616 1502 ;
640 1468 716 1506 post
732 1463 820 1495 hanc
835 1473 949 1504 vagor,
967 1466 1025 1494 aut
1041 1471 1105 1503 ego
1119 1460 1209 1494 lecto

272 1522 328 1548 aut
346 1517 470 1558 scripto
485 1515 575 1558 quod
592 1526 646 1547 me
663 1515 801 1547 taciturn
818 1515 907 1546 iuvet
920 1524 930 1552 ;
957 1523 1089 1556 unguor
1103 1512 1208 1552 olivo,

274 1579 341 1599 non
358 1578 425 1610 quo
442 1567 602 1600 fraudatis
618 1567 811 1598 immundus
829 1566 937 1598 Natta
952 1565 1106 1598 lucernis.

273 1627 322 1651 ast
339 1620 396 1651 ubi
413 1631 466 1652 me
483 1619 604 1651 sessum
620 1618 670 1650 sol
687 1619 793 1650 acrior
810 1619 856 1650 ire
872 1617 1023 1649 lavatum

273 1671 457 1710 admonuit,
480 1671 570 1712 fugio
589 1671 785 1712 †Campum
801 1669 979 1712 lusumque
995 1667 1198 1711 trigonem.†

275 1734 416 1765 pransus
433 1734 502 1754 non
523 1722 631 1760 avide,
652 1727 815 1764 quantum
832 1721 1023 1764 interpellet
1039 1719 1131 1752 inani

274 1781 389 1807 ventre
405 1775 495 1807 diem
511 1775 642 1812 durare,
662 1774 867 1806 domesticus
885 1773 982 1805 otior.
1031 1772 1116 1804 haec
1133 1775 1184 1804 &t

274 1827 342 1858 vita
358 1827 542 1858 solutorum
559 1826 681 1858 misera
697 1826 882 1858 ambitione
898 1825 1059 1868 gravique
1073 1836 1084 1864 ς

273 1878 326 1910 his
341 1889 395 1909 me
411 1878 566 1910 consolor
581 1878 746 1910 victurum
763 1877 898 1910 suavius
913 1887 953 1909 ac
968 1877 997 1909 si
1245 1887 1298 1913 130

274 1935 430 1973 quaestor
445 1940 525 1962 avus
542 1935 638 1973 pater
654 1934 755 1973 atque
772 1939 865 1962 meus
880 1933 1083 1972 patruusque
1101 1926 1225 1960 suisset.

1355 2004 1360 2011 Β
1407 1967 1410 1997 ι’

1187 2080 1400 2283 A
