1458 2315
109 139 175 182 VL]
352 141 656 173 SATJRARUM
678 142 824 171 LIBER
851 142 898 172 ll.
1094 151 1154 180 217

107 216 249 261 frigidus
265 229 286 251 a
303 219 436 252 Rostris
451 223 567 251 manat
582 229 643 262 per
658 218 809 261 compita
825 229 939 250 rumor
955 229 964 250 ε
1120 233 1154 257 50

107 271 314 315 quicumque
330 271 450 304 obvius
467 277 528 312 est,
548 283 602 304 me
620 272 765 304 consulit
782 283 788 304 :
817 272 826 287 ‘
839 282 860 304 o
877 271 1094 304 bone—nam
1113 277 1145 304 te

107 324 203 365 scire,
223 324 307 357 deos
323 324 486 368 quoniam
502 325 642 368 propius
658 325 838 367 contingis,
859 328 1040 367 oportet—

106 377 273 421 numquid
289 378 332 411 de
350 378 455 410 Dacis
472 377 634 411 audisti?'
659 378 708 410 nil
725 378 898 421 equidem.
951 379 960 394 ‘
972 383 1009 410 ut
1025 383 1062 411 tu

106 440 242 474 semper
257 431 321 464 eris
338 431 466 464 derisor
479 433 485 463 !
497 429 505 444 '
530 435 564 463 at
581 442 699 464 omnes
717 431 752 463 di
768 431 940 474 exagitent
957 442 1012 464 me

106 482 135 515 si
151 483 344 527 quicquam.
398 485 407 500 ‘
418 484 499 528 quid
511 485 526 516 ?
549 484 714 516 militibus
731 485 898 527 promissa
914 485 1095 528 Triquetra

105 537 246 578 praedia
263 537 390 570 Caesar
405 548 449 569 an
466 542 517 570 est
533 537 623 569 Itala
639 537 759 570 tellure
775 537 959 570 datu1·us?'

105 589 274 622 iurantem
289 601 344 623 me
361 589 445 623 seire
461 590 547 622 nihil
563 590 728 622 mirantur
744 596 779 622 ut
797 601 902 622 unum

105 642 234 675 scilicet
251 643 377 686 egregii
392 643 572 676 mortalem
589 643 717 686 altique
732 643 856 676 silenti.

104 696 258 738 perditur
273 697 358 729 haec
374 696 462 729 inter
478 697 602 729 misero
618 696 687 736 lux,
709 708 778 729 non
795 697 867 729 sine
884 696 992 729 votis:

103 759 125 780 o
142 760 208 789 rus,
229 750 367 792 quando
384 760 447 792 ego
463 755 496 782 te
513 749 725 792 adspiciam?
747 750 952 793 quandoque
969 749 1086 782 licebit
1115 757 1150 782 60

103 812 194 835 nunc
210 808 361 836 veterum
378 803 484 843 libris,
503 814 594 836 nunc
610 813 731 835 somno
748 808 781 835 et
798 803 963 836 inertibus
979 803 1073 836 horis

102 856 226 889 ducere
241 856 405 889 sollicitae
422 857 569 889 iucunda
584 856 712 889 oblivia
726 857 839 889 vitae?

102 919 124 940 o
140 909 278 952 quando
293 909 373 942 faba
390 910 603 953 Pythagorae
619 914 764 952 cognata
781 909 950 953 simulque

102 967 204 995 uncta
216 963 297 995 satis
313 963 432 1006 pingui
447 968 617 1006 ponentur
632 963 810 995 holuscula
826 963 925 995 lardo
936 964 952 995 ?

102 1025 124 1046 o
139 1020 256 1048 noctes
272 1027 442 1059 cenaeque
458 1017 560 1049 deum
576 1018 583 1048 !
608 1016 731 1059 quibus
747 1017 820 1059 ipse
836 1017 972 1060 meique

92 1062 182 1101 'ante
199 1068 322 1101 Larem
338 1069 514 1112 proprium
530 1080 658 1108 vescor,
679 1080 864 1112 vernasque
880 1080 1042 1112 procaces

102 1131 206 1163 pasco
222 1121 336 1154 libatis
352 1122 508 1165 dapibus,
529 1132 606 1154 cum
623 1127 659 1154 ut
677 1122 798 1164 cuique
814 1123 922 1154 libido
942 1128 992 1155 est

103 1173 205 1206 siccat
222 1174 410 1218 inaequalis
427 1175 548 1207 calices
564 1176 708 1207 conviva
724 1175 854 1207 solutus

102 1226 234 1268 legibus
250 1227 387 1267 insanis,
407 1238 465 1260 seu
482 1228 558 1270 quis
574 1228 665 1270 capit
682 1228 771 1260 acria
787 1227 883 1260 fortis

101 1279 226 1322 poeula
241 1291 300 1313 seu
315 1280 459 1313 modicis
475 1281 602 1313 uvescit
619 1281 751 1313 laetius.
802 1292 882 1323 ergo
1112 1298 1146 1322 70

101 1343 213 1366 sermo
229 1333 345 1373 oritur,
366 1344 436 1366 non
452 1334 495 1366 de
512 1334 600 1365 villis
616 1334 817 1367 domibusve
834 1334 963 1375 alienis,

100 1396 163 1419 nec
178 1386 268 1419 male
284 1397 391 1420 necne
409 1387 523 1430 Lepos
540 1387 649 1426 saltet,
672 1387 731 1419 sed
748 1388 839 1430 quod
857 1389 964 1430 magis
981 1389 1024 1421 ad
1042 1399 1103 1422 nos

99 1440 246 1481 pertinet
263 1445 296 1472 et
310 1440 439 1472 nescire
456 1440 585 1472 malum
601 1445 650 1472 est
668 1441 846 1483 agitamus,
866 1447 1023 1475 utrumne

99 1492 227 1525 divitiis
242 1493 397 1526 homines
415 1504 457 1526 an
475 1494 542 1525 sint
559 1494 681 1526 virtute
698 1494 800 1534 beati,

98 1545 224 1588 quidve
240 1546 283 1578 ad
301 1546 477 1586 amicitias,
497 1557 576 1579 usus
592 1552 775 1587 rectumne,
797 1547 908 1580 trahat
925 1559 999 1588 nos,

97 1603 131 1630 et
147 1609 234 1642 quae
252 1600 293 1631 sit
309 1604 430 1632 natura
445 1600 527 1631 boni
545 1610 781 1643 summumque
798 1601 880 1644 quid
897 1601 978 1634 eius.

97 1651 239 1685 Cervius
255 1652 340 1685 haec
357 1653 442 1685 inter
460 1653 589 1685 vicinus
605 1653 708 1695 garrit
725 1654 825 1686 anilis

95 1714 137 1736 ex
153 1715 188 1737 re
205 1703 357 1738 fabellas.
408 1706 513 1748 siquis
529 1717 609 1738 nam
625 1706 739 1739 laudat
756 1706 866 1739 Arelli

94 1756 256 1790 sollicitas
274 1758 408 1800 ignarus
424 1769 517 1801 opes,
538 1759 585 1791 sic
602 1759 731 1802 incipit,
757 1760 765 1775 ‘
779 1759 862 1791 olim

94 1810 236 1843 rusticus
252 1811 418 1844 urbanum
436 1822 567 1844 murem
586 1823 660 1844 mus
677 1823 824 1855 paupere
842 1812 946 1846 fertur
1106 1823 1140 1848 80

93 1863 263 1906 accepisse
280 1875 374 1905 cavo,
395 1869 544 1898 veterem
561 1870 657 1898 vetus
673 1865 798 1909 hospes
814 1867 972 1909 amicum,

91 1925 190 1959 asper
205 1922 239 1950 et
255 1922 403 1951 attentus
420 1918 591 1961 quaesitis,
612 1923 649 1951 ut
666 1923 779 1952 tamen
796 1925 907 1953 artum

91 1969 237 2004 solveret
253 1971 410 2015 hospitiis
427 1972 588 2005 animum.
640 1972 723 2016 quid
741 1974 874 2007 multa?
896 1985 1005 2019 neque
1025 1975 1082 2009 ille

359 2039 400 2078 15
