1458 2315
105 178 200 220 xm]
337 180 702 212 EPISTULARUM
723 183 868 214 LIBER
895 184 924 215 J.
1093 194 1154 224 259

107 255 167 288 sed
183 255 264 289 satis
280 260 330 289 est
346 268 442 290 orare
459 257 589 297 Iovem,
610 269 698 300 quae
714 258 809 301 ponit
827 264 861 291 et
878 259 986 292 aufert
1002 272 1010 292 ε

107 309 166 342 det
181 310 298 351 vitam,
319 310 377 343 det
395 322 500 354 opes;
525 322 672 354 aequum
688 312 736 344 mi
757 312 908 345 animum
924 313 996 356 ipse
1013 314 1153 357 parabo.

111 525 216 559 XIX.
328 526 475 560 RISCO
493 527 521 560 si
538 527 657 567 credis,
672 528 856 561 Maecenas
870 529 981 569 docte,
999 529 1152 569 Cratino,

335 580 428 613 nulla
441 580 575 623 placere
586 581 644 613 diu
659 592 721 614 nec
732 583 845 615 vivere
856 583 1007 615 carmina
1017 588 1159 625 possunt

110 642 198 675 quae
214 632 406 665 scribuntur
422 644 531 676 aquae
547 635 741 676 potoribus.
792 640 828 667 ut
845 635 936 668 male
953 646 1054 668 sanos

110 685 290 728 adscripsit
307 686 411 718 Liber
428 686 558 729 Satyris
576 688 770 730 Faunisque
787 694 918 730 poetas,

112 739 191 771 vina
206 739 275 772 fere
291 740 408 772 dulces
425 740 582 773 oluerunt
599 752 701 773 mane
719 742 904 775 Camenae.

111 791 270 825 laudibus
287 793 439 834 arguitur
455 794 526 825 vini
543 794 683 826 vinosus
702 795 876 827 Homerus
894 807 901 826 :

114 845 245 877 Ennius
261 846 334 888 ipse
350 852 447 889 pater
462 858 651 890 numquam
667 847 732 879 nisi
749 853 850 890 potus
867 847 911 879 ad
928 858 1022 880 arma

113 900 269 943 prosiluit
285 900 440 934 dicenda.
496 902 505 917 ‘
522 902 650 934 Forum
669 902 852 945 putealque
870 902 1014 935 Libonis

116 953 289 985 mandabo
306 953 414 993 siccis,
435 954 586 986 adimam
603 960 739 988 cantare
756 954 908 989 severis.’

94 1043 100 1048 ⁴
117 1005 183 1038 hoc
199 1006 301 1038 simul
317 1006 418 1047 edixi,
438 1018 508 1039 non
524 1018 698 1041 cessavere
714 1014 837 1051 poetae
1132 1025 1165 1042 10

118 1064 285 1091 nocturno
302 1065 430 1092 certare
447 1071 551 1100 mero,
573 1066 693 1103 putere
710 1061 842 1094 diurno.

117 1111 222 1155 quid?
245 1112 350 1154 siquis
365 1112 461 1144 voltu
478 1118 574 1144 torvo
592 1112 680 1145 fems
698 1118 730 1145 et
747 1114 835 1156 pede
852 1114 944 1147 nudo

118 1165 329 1208 exiguaeque
345 1170 445 1207 togae
461 1165 597 1198 simulet
613 1170 743 1199 textore
762 1167 940 1207 Catonem,

117 1218 322 1252 virtutemne
338 1222 567 1260 repraesentet
583 1229 760 1261 moresque
778 1220 921 1252 Catonis
932 1222 947 1253 ?

119 1271 211 1315 rupit
229 1270 394 1303 Iarbitam
411 1271 610 1314 Timagenis
627 1272 760 1304 aemula
777 1272 902 1315 lingua,

118 1325 202 1358 dum
218 1325 330 1358 studet
347 1325 495 1357 urbanus
511 1326 686 1368 tenditque
703 1326 846 1359 disertus
863 1327 990 1360 haberi.

119 1378 246 1422 decipit
263 1377 435 1421 exemplar
451 1378 542 1411 vitiis
559 1379 724 1412 imitabile
739 1391 746 1412 ι
772 1380 894 1422 quodsi

121 1432 285 1476 pallerem
303 1442 392 1470 casu,
413 1431 568 1464 biberent
587 1442 755 1474 exsangue
773 1432 956 1465 cuminum.

122 1498 143 1520 o
159 1487 356 1525 imitatores,
379 1495 512 1518 servum
530 1496 644 1528 pecus,
660 1491 697 1518 ut
713 1486 797 1518 mihi
815 1497 917 1529 saepe

121 1539 237 1579 bilem,
258 1549 359 1582 saepe
378 1538 490 1570 iocum
508 1538 609 1570 vestri
626 1549 763 1571 movere
781 1539 945 1571 tumultus
961 1542 968 1571 !
1133 1554 1166 1571 20

120 1591 228 1625 libera
244 1603 305 1635 per
320 1602 464 1623 vacuum
483 1590 580 1633 posui
597 1591 740 1632 vestigia
757 1592 925 1634 princeps,

121 1655 192 1677 non
208 1644 318 1676 aliena
335 1655 412 1676 meo
428 1643 535 1686 pressi
552 1642 651 1685 pede.
702 1643 760 1684 qui
777 1643 840 1675 sibi
857 1643 943 1682 fidit,

121 1697 191 1729 dux
207 1697 293 1740 regit
309 1707 463 1730 examen.
516 1696 632 1727 Parios
650 1706 714 1738 ego
730 1696 859 1738 primus
876 1696 1008 1728 iambos

122 1751 256 1783 ostendi
274 1751 384 1790 Latio,
405 1760 563 1782 numeros
581 1749 780 1791 animosque
798 1756 929 1782 secutus

123 1803 334 1843 Archilochi,
354 1814 423 1835 non
439 1813 492 1836 res
509 1808 541 1835 et
559 1802 695 1845 agentia
712 1801 815 1834 verba
833 1801 1038 1844 Lycamben.

123 1867 164 1890 ac
180 1868 222 1890 ne
238 1868 294 1890 me
309 1857 399 1890 foliis
415 1857 493 1888 ideo
510 1856 722 1888 brevioribus
739 1866 847 1894 ornes,

124 1910 217 1952 quod
234 1910 331 1942 timui
347 1915 477 1941 mutare
493 1908 615 1941 modos
633 1914 666 1941 et
683 1908 840 1941 carminis
857 1912 972 1946 artem,

125 1967 291 2006 temperat
309 1962 506 1995 Archilochi
525 1973 656 1994 musam
675 1961 762 2005 pede
780 1961 930 1993 mascula
949 1961 1099 2003 Sappho,

130 2019 299 2059 temperat
317 2015 474 2054 Alcaeus,
495 2015 553 2047 sed
572 2015 671 2048 rebus
688 2020 721 2048 et
740 2015 858 2047 ordine
875 2015 1000 2057 dispar,
