1458 2315
102 165 158 208 11.]
359 165 418 197 SA
428 166 459 197 T
456 165 661 197 [RARUM
683 165 828 196 LIBER
857 165 882 196 l.
1086 166 1143 205 163

104 405 154 438 ΙΙ.
281 403 626 438 MBUBAIARUM
644 403 796 445 collegia,
817 403 1112 446 pharmacopolae,

304 458 462 496 mendici,
479 457 614 496 mimae,
630 457 831 496 balatrones,
849 456 915 489 hoc
927 467 1032 499 genus
1043 467 1143 489 omne

103 515 269 542 maestum
285 521 325 542 ac
341 510 524 542 sollicitum
540 515 590 542 est
607 509 752 541 cantoris
769 514 876 542 morte
893 509 1028 551 Tigelli.

103 564 233 606 quippe
249 563 414 606 benignus
431 567 511 595 erat.
559 567 676 594 contra
692 562 757 602 hic,
778 573 821 594 ne
837 563 998 605 prodigus
1015 573 1086 595 esse

101 617 235 648 dicatur
251 620 414 654 metuens,
435 615 529 657 inopi
545 615 627 646 dare
643 614 727 646 nolit
744 614 865 653 amico,

102 668 206 711 frigus
223 679 290 711 quo
305 668 493 710 duramque
509 667 632 699 samem
649 667 838 710 propellere
854 667 971 710 possit.

104 721 193 753 hunc
211 721 237 753 si
254 721 470 763 perconteris,
493 721 547 752 avi
562 731 622 752 cur
637 726 737 763 atque
754 721 904 763 parentis

103 773 311 817 praeclaram
327 774 458 816 ingrata
474 773 615 815 stringat
631 773 740 804 malus
757 773 904 815 ingluvie
922 784 1002 812 rem,

101 826 219 859 omnia
234 826 408 858 conductis
425 836 582 858 coemens
598 826 740 858 obsonia
757 826 914 865 nummis,

101 880 258 912 sordidus
274 884 375 921 atque
391 879 495 910 animi
511 879 602 921 quod
619 879 714 921 parvi
731 879 817 911 nolit
833 879 960 918 haberi,
1110 894 1141 910 10

102 932 294 974 respondet.
343 931 501 964 laudatur
515 932 559 964 ab
576 931 639 972 his,
659 932 815 974 culpatur
828 932 872 963 ab
888 931 964 964 illis.

103 985 257 1017 Fufidius
273 995 405 1027 vappae
421 984 546 1016 famam
564 985 659 1017 timet
676 996 714 1017 ac
732 984 911 1017 nebulonis

100 1038 197 1070 dives
213 1037 312 1079 agris,
333 1037 428 1070 dives
443 1037 562 1080 positis
578 1038 613 1069 in
629 1037 744 1070 fenore
761 1038 907 1069 nummis
923 1049 931 1069 :

75 1090 79 1093 ’
101 1091 222 1132 quinas
238 1090 294 1122 hic
311 1090 413 1132 capiti
430 1091 602 1122 mercedes
618 1095 761 1129 exsecat,
782 1096 884 1132 atque

101 1147 232 1185 quanto
247 1142 410 1185 perditior
424 1142 567 1185 quisque
585 1148 643 1181 est,
666 1148 760 1175 tanto
777 1143 884 1175 acrius
896 1137 1017 1185 ¹urguet
1032 1154 1040 1182 3

102 1195 242 1227 nomina
259 1199 414 1233 sectatur,
436 1195 540 1226 modo
557 1200 691 1238 sumpta
707 1200 798 1227 veste
815 1195 914 1234 virili,

102 1248 166 1280 sub
184 1247 335 1290 patribus
350 1247 442 1278 duris
459 1247 616 1279 tironum.
671 1248 678 1262 ‘
693 1248 838 1280 maxime
851 1246 858 1260 '
875 1247 949 1290 quis
967 1259 1035 1279 non

107 1300 284 1342 ‘Iuppiter
296 1297 304 1311 ’
320 1299 486 1332 exclamat
503 1299 600 1330 simul
618 1304 718 1341 atque
734 1300 889 1332 audivit?
938 1301 990 1331 ‘at
1009 1301 1041 1331 in
1059 1311 1092 1332 se

102 1364 164 1395 pro
181 1356 323 1395 quaestu
339 1357 510 1394 sumptum
528 1351 606 1384 facit
622 1351 702 1384 hic.'
749 1352 804 1384 vix
821 1353 955 1385 credere
972 1353 1078 1395 possis

101 1416 206 1448 quam
222 1405 287 1437 sibi
303 1415 372 1437 non
388 1405 430 1436 sit
445 1405 582 1443 amicus,
605 1405 651 1436 ita
667 1410 701 1436 ut
715 1410 810 1447 pater
826 1405 893 1444 ille,
913 1406 1051 1438 Terenti
1106 1421 1139 1438 20

102 1458 218 1490 sabula
234 1469 335 1501 quem
351 1457 509 1489 miserum
526 1462 629 1499 gnato
645 1457 766 1490 vixisse
784 1458 898 1500 fugato

103 1511 242 1551 inducit,
264 1521 331 1542 non
348 1521 383 1542 se
399 1510 494 1553 peius
510 1510 705 1542 cruciaverit
724 1516 824 1552 atque
840 1511 904 1543 hic.

103 1563 131 1596 si
148 1564 224 1606 quis
241 1574 330 1595 nunc
346 1568 484 1606 quaerat
506 1563 514 1578 ‘
525 1573 593 1605 quo
611 1573 661 1594 res
677 1563 759 1595 hacc
777 1563 919 1605 pertinet
930 1561 953 1594 ?'
971 1563 1047 1596 illuc
1063 1576 1069 1596 :

101 1616 185 1648 dum
204 1616 312 1648 vitant
328 1615 421 1647 stulti
438 1615 530 1653 vitia,
551 1615 584 1646 in
602 1615 768 1647 contraria
785 1619 928 1648 currunt.

104 1668 271 1700 Maltinus
287 1668 408 1700 tunicis
421 1668 574 1699 demissis
591 1668 764 1707 ambulat;
788 1673 838 1700 est
854 1668 912 1711 qui

105 1721 231 1763 inguen
248 1720 291 1752 ad
308 1720 491 1752 obscenum
508 1719 680 1752 subductis
697 1731 801 1762 usque
818 1720 952 1754 facetus.

105 1773 259 1815 pastillos
277 1772 422 1804 Rufillus
438 1772 516 1810 olet,
539 1772 728 1813 Gargonius
744 1773 883 1805 hircum.

106 1825 154 1857 nil
170 1825 320 1858 medium
338 1829 397 1856 est.
448 1829 524 1856 sunt
541 1825 598 1867 qui
617 1825 723 1857 nolint
742 1826 888 1867 tetigisse
904 1826 965 1858 nisi
985 1827 1057 1859 illas

104 1887 249 1920 quarum
265 1877 403 1909 subsuta
420 1876 507 1909 talos
524 1882 613 1919 tegat
632 1877 744 1910 instita
761 1884 850 1910 veste
867 1891 874 1910 z

106 1934 223 1962 contra
238 1929 324 1961 alius
340 1929 467 1961 nullam
485 1928 547 1960 nisi
564 1930 668 1961 olenti
687 1930 718 1961 in
737 1931 860 1963 fornice
877 1935 1032 1963 stantem.
1110 1948 1143 1971 50

106 1982 246 2025 quidam
262 1986 362 2015 notus
378 1981 481 2014 homo
499 1992 573 2014 cum
591 1982 694 2014 exiret
713 1981 847 2023 fornice,
871 1983 881 1998 ‘
894 1987 1005 2015 macte
