1410 2283
235 136 294 165 ω
512 128 548 167 Q.
582 127 714 158 ΗΘΚΛ
724 126 774 159 T!
796 126 969 160 FLACC!
1171 125 1264 170 (vm.

235 201 383 235 adfertur
397 200 537 245 squillas
556 201 642 235 inter
658 212 797 235 murena
813 201 963 236 natantis

236 254 269 286 in
288 254 400 296 patina
415 260 579 298 porrecta.
596 254 658 287 sul)
670 254 734 288 hoc
746 265 822 302 erus
838 253 958 287 “haec
972 250 1146 297 gnvidn”
1157 252 1268 298 inquit

239 309 372 349 ‘'capta
389 314 450 346 est,
471 307 618 340 deterior
635 314 708 351 post
728 312 860 351 partum
878 317 978 340 carne
992 305 1113 340 futura.

234 359 285 391 his
303 360 444 392 mixtum
464 360 513 392 ius
529 366 578 392 cst
595 372 603 391 t
626 360 703 393 oleo
718 360 810 403 quod
828 360 937 403 prima
954 358 1096 393 Venafri

235 413 351 456 pressit
369 413 465 451 cella,
485 423 566 455 garo
582 412 625 445 dc
642 412 730 445 sucis
747 413 848 456 piscis
869 412 1002 453 Hiberi,

234 465 313 497 vino
329 465 547 508 quinquenni.
570 476 684 498 verum
701 464 785 498 citra
803 474 896 498 mare
911 469 1003 503 nato,

233 517 313 550 ‹lum
329 518 628 560 coquitur—cocto
646 517 771 551 Chium
788 517 836 550 sic
854 516 1011 551 convenit
1028 520 1064 550 ut
1080 525 1150 549 non

232 570 296 603 hoc
315 571 420 612 magis
437 570 542 603 ullum
559 570 830 613 aliu‹l,—pipere
846 569 936 609 albo,
957 579 1025 602 non
1042 569 1114 603 sine
1130 572 1228 603 aceto

231 623 323 665 quod
342 622 618 665 Methymnaeam
635 622 718 655 vitio
735 622 913 655 mutaverit
929 632 1041 655 uvam.
1230 634 1267 661 90

231 685 346 707 erucas
364 674 495 713 virides,
519 673 629 707 inulas
645 684 710 716 ego
727 674 854 717 primus
869 683 1001 707 atnam

233 726 415 759 monstravi
434 727 614 769 incoquere
630 738 639 764 ;
664 726 789 759 inlutos
806 725 970 759 Curtillus
985 723 1133 765 echinos,

231 786 265 811 ut
284 779 403 811 melius
420 779 527 810 muria
543 777 633 820 quod
653 783 739 811 testa
755 777 885 810 marina
900 774 1086 810 remittat.”

232 831 359 864 interea
375 840 536 873 suspensa
553 830 665 872 gravis
681 830 800 862 aulaea
816 829 930 862 ruinas

231 884 265 916 in
283 883 433 927 patinam
452 882 568 920 secere,
588 881 755 915 trahentia
771 881 918 925 pulveris
934 882 996 915 atri

230 942 394 979 quantum
408 944 476 967 non
495 934 622 978 Aquilo
640 934 824 977 Campanis
840 934 962 967 excitat
977 933 1077 977 agris.

230 999 293 1022 nos
309 988 416 1020 maius
434 987 542 1025 veriti,
565 992 744 1030 postquam
762 986 845 1019 nihil
863 996 936 1020 esse
953 986 1070 1031 pericli

230 1043 403 1079 sensimus,
424 1039 584 1082 erigimur
602 1052 610 1071 ε
637 1038 744 1071 Rufus
760 1039 871 1082 posito
887 1039 1007 1083 eapite,
1025 1043 1062 1072 ut
1077 1039 1106 1072 si

231 1095 318 1128 filius
334 1095 531 1127 immaturus
548 1092 684 1130 obisset,
702 1091 789 1124 flere.
840 1091 916 1134 quis
930 1095 1017 1124 esset

231 1148 318 1184 sinis.
335 1147 369 1179 ni
387 1146 519 1189 sapiens
536 1145 582 1178 sic
602 1145 836 1177 Nomentanus
852 1143 998 1177 amicum
1227 1149 1265 1178 6ο

230 1200 361 1233 tolleret
378 1211 386 1231 z
414 1198 526 1237 ··1ιειι,
548 1198 709 1235 Fortuna,
728 1196 804 1240 quis
819 1201 869 1229 est
884 1195 1053 1230 crudelior
1068 1195 1104 1229 in
1118 1205 1182 1230 noe

231 1259 263 1285 tc
279 1253 361 1285 deus
373 1253 388 1284 ?
411 1256 446 1283 ut
463 1260 595 1293 semper
610 1249 737 1292 gaudes
753 1248 894 1281 illudere
911 1248 1011 1281 rebus

230 1304 386 1337 humanis
403 1302 443 1336 !'’
469 1303 592 1335 Varius
609 1312 735 1345 mappa
751 1311 965 1344 compescere
981 1300 1085 1334 risum

229 1358 286 1389 vix
302 1361 443 1400 poterat.
495 1355 643 1394 Balatro,
663 1353 872 1396 suspendens
888 1353 1003 1386 omnia
1017 1363 1111 1394 naso,

233 1411 258 1426 ‘⁴
269 1409 351 1442 hacc
367 1414 417 1441 est
434 1408 589 1440 condicio
607 1406 740 1439 vivendi
752 1405 772 1419 '’
787 1405 910 1445 aiebat,
933 1407 1078 1450 “eoque

229 1471 429 1505 responsura
444 1466 503 1493 tuo
519 1470 703 1502 numquam
719 1463 769 1492 est
786 1469 847 1501 par
862 1457 951 1490 sama
965 1457 1087 1492 labori.

230 1519 320 1553 tene,
336 1519 372 1546 ut
387 1524 452 1556 ego
467 1512 610 1555 accipiar
627 1511 727 1551 laute,
748 1511 932 1553 torquerier
947 1510 1041 1543 omni

229 1566 455 1599 sollicitudine
471 1565 671 1603 districtum,
691 1574 734 1596 ne
751 1563 848 1606 panis
863 1563 1015 1603 adustus,

229 1629 272 1651 ne
288 1618 376 1651 male
392 1617 565 1650 conditum
583 1617 633 1649 ius
648 1620 849 1659 apponatur,
869 1619 905 1648 ut
921 1625 1040 1648 omnes

229 1670 411 1713 praecincti
428 1676 516 1703 recte
532 1669 627 1712 pueri
641 1668 836 1711 comptique
851 1667 1067 1701 ministrent?
1229 1682 1264 1708 7⁰

228 1722 317 1755 adde
332 1722 394 1755 hos
409 1727 583 1766 praeterea
598 1731 704 1760 casus,
724 1720 843 1753 aulam
858 1725 956 1753 ruant
971 1719 1010 1760 si,

229 1782 265 1807 ut
282 1774 385 1806 modo
398 1785 408 1813 ;
433 1774 460 1806 si
477 1774 628 1816 patinam
644 1772 731 1816 pede
746 1772 861 1816 lapsus
877 1771 1009 1815 frangat
1024 1782 1137 1816 agaso.

229 1826 287 1858 sed
304 1825 540 1865 convivatoris,
559 1825 609 1857 uti
624 1824 731 1865 ducis,
751 1824 926 1868 ingenium
941 1834 996 1858 res

229 1877 388 1910 adversae
404 1877 531 1910 nudare
548 1876 669 1916 solent,
688 1876 798 1910 celare
813 1874 1019 1910 secundae.”

230 1929 438 1962 Nasidienus
453 1929 497 1962 ad
513 1929 597 1962 haec
616 1930 641 1946 ‘⁸
652 1929 713 1962 tibi
728 1929 765 1962 di
780 1938 1012 1973 quaecumque
1027 1928 1174 1973 preceris
