1410 2283
291 140 331 169 40

579 130 614 168 Q.
646 129 776 160 ΗΘΚΛ
785 130 836 160 TI
858 130 1030 162 FLACC!

467 204 533 236 iam
549 214 637 236 nunc
654 204 776 236 minaci
792 215 962 238 murmure
977 215 1140 239 cornuum

467 256 661 298 perstringis
678 256 776 296 auris,
797 257 864 289 iam
882 257 956 290 litui
973 262 1135 301 strepunt,

511 308 577 340 iarn
594 308 703 350 fulgor
718 319 886 341 armorum
902 309 1036 352 fugaces

554 365 653 392 terret
670 371 773 402 equos
790 361 1006 405 equitumque
1022 362 1142 396 voltus.

465 463 579 494 audite
595 473 735 505 magnos
752 463 819 495 iam
834 463 952 497 videor
965 464 1068 498 duces

466 525 532 546 non
549 515 706 547 indecoro
722 515 859 558 pulvere
875 516 1038 556 sordidos,

508 571 541 598 et
557 572 676 599 cuncta
693 572 852 600 terrarum
868 568 1006 601 subacta

554 624 685 661 praeter
700 625 847 652 atrocem
863 621 1012 653 animum
1030 621 1180 655 Catonis.

464 720 551 752 Iuno
567 725 598 753 ct
615 720 754 753 deorum
770 721 919 764 quisquis
935 721 1073 756 amicior

464 771 555 804 Afris
570 773 674 805 inulta
691 779 833 806 cesserat
849 774 1016 816 impotens

507 824 637 863 tellure,
658 825 822 857 victorum
837 831 978 868 nepotes

549 877 675 908 rettulit
691 877 825 909 inferias
842 877 1033 920 Iugurthae.

464 975 538 1017 quis
554 986 621 1007 non
640 976 762 1009 Latino
779 978 939 1020 sanguine
954 979 1110 1022 pinguior

463 1038 601 1070 campus
617 1029 776 1071 sepulcris
793 1030 897 1073 impia
913 1032 1041 1073 proelia

506 1084 645 1112 testatur
660 1082 875 1125 auditumque
892 1083 1004 1115 Medis

550 1133 736 1175 Hesperiae
748 1135 893 1166 sonitum
910 1135 1023 1168 ruinae
1032 1136 1048 1168 ?

463 1236 520 1278 qui
537 1247 657 1279 gurges
673 1243 730 1270 aut
745 1249 832 1281 quae
847 1238 985 1271 flumina
999 1238 1150 1281 lugubris

463 1289 579 1331 ignara
594 1290 700 1322 belli?
722 1291 813 1332 quod
829 1301 920 1323 mare
936 1291 1092 1323 Dauniae

505 1352 574 1373 non
590 1342 823 1375 decoloravere
839 1343 982 1375 caedes?

549 1404 636 1435 quae
653 1399 742 1426 caret
758 1405 816 1426 ora
830 1404 946 1427 cruore
961 1398 1075 1426 nostro
1087 1395 1103 1427 Ρ

471 1495 529 1526 sed
547 1505 588 1527 ne
603 1495 734 1534 relictis,
756 1496 856 1528 Musa
870 1507 1005 1539 procax,
1024 1496 1107 1529 iocis

465 1547 554 1579 Ceae
569 1554 725 1580 retractes
740 1558 879 1580 munera
894 1549 1014 1581 neniae
1028 1560 1038 1588 ς

505 1609 638 1631 mecum
654 1599 808 1631 Dionaeo
824 1600 886 1632 sub
901 1604 998 1632 antro

550 1661 672 1694 quaere
688 1651 807 1684 modos
823 1651 946 1685 leviore
961 1651 1100 1695 plectro.

1279 1047 1312 1071 30

1275 1667 1310 1690 40
