1458 2315
113 139 184 181 111.·]

384 139 660 171 CARMlNffll
683 139 828 170 LIBER
858 139 885 170 l.

297 217 529 250 decertantem
544 215 785 259 Aquilonibus,

252 281 315 303 nec
331 269 435 302 tristis
453 269 607 311 Hyadas,
629 279 692 301 nec
708 268 837 300 rabiem
855 268 950 308 Noti,

296 333 365 365 quo
381 333 451 354 non
467 322 595 354 arbiter
612 321 768 354 Hadriae

251 375 369 415 maior,
391 374 511 408 tollere
527 385 585 407 seu
601 385 728 417 ponere
744 374 815 406 volt
833 374 928 407 freta.

297 491 399 525 quem
416 479 534 513 mortis
551 479 664 512 timuit
680 479 848 523 gradums

253 534 312 578 qui
327 533 424 566 siccis
441 533 546 566 oculis
564 538 716 564 monstra
732 533 895 572 natantia,

299 586 356 629 qui
372 585 456 618 vidit
473 595 566 618 mare
582 585 755 617 turbidum
772 591 806 617 et

252 638 388 672 infamis
403 638 562 682 scopulos
577 638 829 671 Acroceraunia
839 639 854 670 ?

297 745 504 790 nequiquam
520 744 603 778 deus
620 744 766 777 abscidit

255 799 405 843 pmdens
422 798 563 831 Oceano
579 797 787 831 dissociabili

298 857 412 891 terras,
434 851 463 884 si
479 856 594 884 tamen
610 851 738 894 impiae

254 914 325 938 non
341 904 513 947 tangenda
529 909 617 937 rates
634 904 824 936 transiliunt
842 904 940 938 vada.

299 1009 411 1043 audax
427 1009 542 1042 omnia
558 1009 689 1052 perpeti

254 1073 338 1107 gens
353 1063 502 1094 humana
518 1063 584 1094 ruit
601 1072 662 1105 per
678 1061 820 1095 vetitum
836 1061 942 1095 nefas.

300 1116 412 1148 audax
430 1115 540 1158 Iapeti
556 1127 665 1158 genus

257 1169 372 1213 ignem
387 1168 504 1201 fraude
520 1169 611 1202 mala
627 1170 784 1212 gentibus
802 1170 912 1203 intulit
926 1183 933 1202 :

302 1278 379 1316 post
395 1274 510 1316 ignem
527 1275 677 1308 aetheria
697 1276 802 1307 domo

259 1326 463 1359 subductum
479 1327 606 1360 macies
622 1334 653 1360 et
670 1339 759 1360 nova
776 1327 920 1360 febrium

304 1378 401 1411 terris
417 1379 569 1412 incubuit
587 1381 718 1420 cohors,

259 1431 448 1475 semotique
464 1433 556 1476 prius
573 1434 669 1466 tarda
687 1434 879 1467 Necessitas

305 1535 364 1569 leti
380 1537 543 1581 corripuit
559 1538 713 1581 gradum.

260 1595 417 1632 expertus
435 1601 577 1623 vacuum
596 1591 769 1625 Daedalus
785 1602 862 1624 aera

305 1643 427 1684 pennis
444 1653 511 1675 non
526 1643 655 1676 homini
674 1644 762 1676 datis
776 1656 785 1683 ;

261 1695 412 1737 perrupit
429 1695 627 1729 Acheronta
645 1697 835 1730 Herculeus
852 1697 957 1730 labor.

305 1798 354 1831 nil
370 1799 569 1832 mortalibus
585 1800 680 1833 ardui
696 1805 745 1834 est
759 1813 766 1832 :

260 1849 393 1882 caelum
410 1851 522 1894 ipsum
538 1852 684 1895 petimus
700 1852 853 1893 stultitia,
873 1863 984 1898 neque

306 1913 368 1946 per
383 1908 535 1936 nostrum
552 1904 700 1947 patimur
716 1906 824 1939 scelus

263 1953 425 1989 iracunda
443 1956 562 1990 Iovem
578 1967 704 2000 ponere
722 1958 873 1992 fulmina.

1128 1344 1163 1369 30
