1410 2283
561 134 597 173 Q.
628 133 759 164 HORA
769 133 817 165 TI
841 134 1012 166 FLACCI

405 208 579 241 destrictus
594 208 681 241 ensis
697 209 748 241 cui
765 219 864 251 super
879 208 984 251 impia

405 261 531 294 cervice
547 261 682 303 pendet,
702 271 769 293 non
788 261 921 294 Siculae
937 262 1043 304 dapes

448 313 580 345 dulcem
596 313 815 346 elaborabunt
832 323 997 356 saporem,

491 376 559 398 non
575 366 686 398 avium
702 366 917 409 citharaeque
932 371 1049 399 cantus

406 479 559 501 somnum
576 469 753 501 reducent:
779 479 915 501 somnus
931 468 1112 512 agrestium

404 521 487 553 lenis
504 521 649 552 virorum
665 531 734 553 non
750 519 887 553 humilis
901 520 1022 554 domos

449 575 574 607 fastidit
589 576 849 618 umbrosamque
864 576 985 618 ripam,

492 638 560 660 non
577 628 738 670 Zephyris
753 628 880 670 agitata
894 627 1034 671 Tempe.

406 730 650 763 desiderantem
666 730 758 773 quod
775 729 854 763 satis
871 735 919 764 est
936 741 1045 775 neque

406 784 646 816 tumultuosum
662 783 819 815 sollicitat
836 794 938 822 mare,

450 847 511 868 nec
528 846 643 867 saevus
660 835 792 867 Arcturi
810 835 960 868 cadentis

495 887 641 929 impetus
658 892 713 919 aut
730 887 868 920 orientis
885 887 1010 927 Haedi,

408 1001 476 1022 non
494 990 684 1022 verberatae
699 990 861 1032 grandine
877 990 994 1022 vineae

407 1042 594 1084 fundusque
610 1042 764 1081 mendax,
783 1042 901 1074 arbore
918 1052 1006 1075 nunc
1022 1052 1126 1086 aquas

452 1093 619 1136 culpante,
635 1104 723 1125 nunc
741 1093 900 1125 torrentia
915 1103 1014 1136 agros

495 1146 612 1184 sidem,
633 1155 721 1178 nunc
736 1145 864 1178 hiemes
879 1145 1019 1189 iniquas.

409 1244 578 1272 contracta
594 1239 701 1282 pisces
717 1249 863 1282 aequora
879 1239 1026 1272 sentiunt

408 1293 503 1325 iactis
519 1292 553 1323 in
572 1292 678 1323 altum
694 1291 840 1324 molibus
856 1302 866 1331 3
887 1291 955 1324 huc
970 1291 1126 1335 frequens

450 1349 625 1376 caementa
639 1343 785 1375 demittit
802 1343 994 1386 redemptor

495 1406 572 1428 cum
588 1394 719 1427 famulis
734 1395 955 1438 dominusque
971 1399 1079 1428 terrae

408 1497 598 1530 fastidiosus
613 1509 621 1530 ε
645 1497 703 1529 sed
721 1496 838 1529 Timor
849 1501 882 1529 et
898 1497 1016 1530 Minae

408 1549 572 1582 scandunt
588 1549 707 1581 eodem
723 1559 790 1592 quo
802 1549 968 1590 dominus,
987 1559 1098 1593 neque

451 1601 584 1633 decedit
599 1606 711 1632 aerata
727 1601 852 1633 triremi
868 1605 902 1633 et

495 1657 572 1695 post
588 1652 735 1695 equitem
751 1652 844 1685 sedet
859 1656 932 1685 atra
948 1652 1051 1685 Cura.

409 1753 502 1797 quod
517 1753 545 1786 si
560 1753 730 1787 dolentem
746 1764 809 1787 nec
826 1753 990 1797 Phrygius
1002 1752 1091 1798 lapis

408 1817 471 1839 nec
486 1816 708 1849 purpurarum
723 1806 832 1839 sidere
847 1805 968 1839 clarior

453 1858 579 1891 delenit
594 1868 670 1890 usus
685 1868 748 1890 nec
763 1857 909 1891 Falerna

497 1909 574 1942 vitis
591 1909 924 1953 Achaemeniumque
939 1913 1079 1950 costum,
