1458 2315
83 166 152 208 ΙΧ.]
344 165 646 200 SATIRARUM
667 163 812 193 LIBER
839 163 867 192 I.
1054 162 1126 199 '187

81 244 253 286 debebat3
277 243 369 288 quod
385 243 420 276 ni
438 242 581 281 fecisset,
601 239 741 283 perdere
757 238 862 270 litem.

88 298 98 314 ‘
110 297 139 330 si
149 308 203 329 me
215 308 310 329 amas
323 296 332 310 '
346 296 466 339 inquit,
486 297 495 311 ‘
506 294 658 337 paullum
673 293 728 325 hic
742 290 847 324 adeS.'
899 290 1082 323 ‘inteream
1098 290 1124 323 si

82 355 140 382 aut
156 349 253 382 valeo
269 354 357 382 stare
373 354 430 381 aut
448 347 527 380 novi
540 347 652 379 civilia
669 346 742 377 iura
756 358 764 378 :
1093 359 1125 385 39

82 407 116 435 et
132 413 279 446 propero
295 413 363 446 quo
377 400 466 434 scis.'
511 402 520 417 ‘
530 400 652 431 dubius
665 409 739 431 sum
751 397 831 441 quid
845 396 967 429 faciam
980 395 988 410 '
998 397 1121 439 inquit,

87 456 180 488 ‘tene
189 455 378 498 relinquam
390 465 433 486 an
448 451 545 486 rem.'
562 454 642 491 ‘me‚
654 449 775 484 sodes.'
796 452 891 497 '‘non
902 448 1038 482 faciam'
1053 450 1120 489 ille,

83 513 117 540 et
134 509 336 551 praecedere
353 508 477 551 coepit.
527 517 603 549 ego,
624 510 660 537 ut
677 503 886 537 contendere
901 503 1023 535 durum
1040 508 1089 536 est

83 571 161 593 cum
177 561 314 601 victore,
334 571 465 604 sequor.
521 560 530 576 ‘
541 559 723 590 Maecenas
740 557 913 600 quomodo
930 561 1042 588 tecum
1055 557 1069 588 ?
1080 554 1088 569 '

82 613 162 646 hine
187 614 330 656 repetit:
372 615 382 630 ‘
393 623 579 656 paucorum
609 611 786 644 hominum
818 614 850 642 et
880 609 1004 642 mentis
1032 609 1120 642 bene

216 677 328 699 sanae.

82 729 183 752 nemo
199 719 369 752 dexterius
384 718 520 751 fortuna
535 721 585 750 est
602 727 690 749 usus.
739 715 884 748 haberes

81 782 243 814 magnum
259 772 460 809 adiutorem,
481 775 595 813 posset
614 770 672 813 qui
689 769 774 801 ferre
791 768 966 806 secundas,

79 824 169 857 hune
184 824 360 856 hominem
374 824 480 856 velles
497 824 525 856 si
542 823 684 855 tradere.
731 822 920 864 dispeream
937 820 973 852 ni

81 887 284 910 summosses
300 876 436 910 omnis.'
487 878 496 893 ‘
507 887 576 908 non
593 876 658 908 isto
674 875 819 907 vivimus
836 874 906 906 illic

79 940 147 972 quo
163 935 200 962 tu
215 941 287 963 rere
303 930 407 962 modo
423 941 431 962 ι
454 929 576 962 domus
591 928 655 961 hac
671 939 733 960 nec
750 927 865 970 purior
880 926 950 959 ulla
967 931 1017 959 est

79 993 142 1014 nec
158 982 266 1025 magis
281 983 333 1014 his
350 982 460 1015 aliena
476 981 575 1014 malis
590 993 599 1021 3
623 981 671 1013 nil
689 981 735 1012 mi
753 979 867 1019 officit,
888 980 1038 1022 inquam,
1084 995 1118 1018 50

65 1034 183 1071 ¹ditior
198 1034 254 1067 hic
270 1040 327 1066 aut
344 1040 393 1067 est
409 1035 490 1077 quia
505 1035 638 1067 doctior
654 1045 664 1073 ;
689 1038 738 1066 est
755 1033 848 1065 locus
866 1032 923 1064 uni

79 1087 200 1130 cuique
213 1087 317 1120 suus.'
368 1088 376 1102 ‘
388 1098 549 1130 magnum
560 1097 686 1125 narras,
703 1086 758 1117 vix
769 1083 955 1117 credibile)
1001 1085 1010 1100 ‘
1022 1085 1116 1128 atqui

81 1139 129 1172 sic
145 1138 273 1172 habet.’
324 1140 333 1156 ⁴
345 1140 502 1172 accendis
518 1150 621 1182 quare
637 1139 773 1181 cupiam
790 1138 896 1180 magis
909 1137 959 1169 illi

79 1192 253 1234 proximus
268 1190 367 1224 esse.’
417 1192 425 1207 ‘
436 1192 520 1224 velis
535 1191 771 1223 tantummodo
787 1202 794 1222 :
819 1201 905 1232 quae
922 1195 980 1221 tua
996 1189 1110 1229 virtus,

81 1244 291 1287 expugnabis
305 1257 314 1285 ;
339 1249 372 1277 et
389 1248 439 1276 est
455 1244 512 1286 qui
530 1243 619 1276 vinci
635 1243 752 1285 possit,
773 1253 881 1285 eoque

80 1296 227 1329 difficilis
243 1297 354 1329 aditus
370 1297 498 1339 primos
514 1295 638 1328 habet.’
690 1297 699 1311 ‘
712 1295 801 1327 haud
819 1295 901 1327 mihi
918 1295 1020 1327 deero
1039 1307 1046 1327 :

79 1350 274 1382 muneribus
289 1361 404 1382 servos
420 1360 633 1392 corrumpam
648 1360 656 1389 ;
680 1359 758 1388 non,
780 1348 882 1381 hodie
899 1348 926 1381 si

79 1402 234 1435 exclusus
251 1402 354 1442 suero,
376 1403 535 1434 desistam
553 1415 562 1442 ;
585 1407 738 1444 tempora
755 1412 915 1444 quaeram
930 1413 940 1440 ;

78 1466 252 1488 occurram
269 1456 304 1487 in
321 1456 427 1487 triviis
443 1467 452 1494 ;
476 1455 652 1488 deducam.
702 1454 749 1486 nil
766 1455 838 1486 sine
855 1465 979 1496 magno

79 1508 148 1540 vita
163 1508 280 1541 labore
295 1508 391 1540 dedit
406 1506 630 1540 mortalibus.’
676 1507 759 1540 haee
775 1507 856 1538 dum
873 1508 951 1549 agit,
973 1517 1051 1539 ecce
1079 1514 1114 1539 60

81 1561 209 1593 Fuscus
225 1561 372 1593 Aristius
389 1561 541 1599 occurrit,
563 1560 646 1592 mihi
663 1571 758 1592 carus
775 1565 807 1592 et
824 1559 921 1591 illum

78 1613 137 1656 qui
153 1613 293 1656 pulchre
310 1619 435 1646 nosset.
481 1614 706 1645 consistimus.
758 1612 868 1644 ‘unde
885 1612 978 1644 venis
991 1613 1005 1644 ?
1018 1611 1026 1626 '
1055 1616 1088 1645 et

81 1667 90 1682 ‘
102 1677 171 1709 quo
188 1667 298 1698 tendis
310 1668 325 1698 Ρ
336 1665 343 1679 ’
367 1671 463 1709 rogat
480 1672 512 1698 et
530 1666 721 1708 respondet.
770 1665 893 1697 vellere
910 1665 1017 1707 coepi,

78 1724 111 1751 et
125 1729 282 1761 prensare
299 1730 401 1751 manu
419 1719 604 1751 lentissima
620 1718 787 1757 bracchia,
808 1723 940 1756 nutans,

75 1771 292 1814 distorquens
307 1771 434 1811 oculos,
455 1777 491 1804 ut
508 1783 561 1804 me
578 1772 732 1813 eriperet.
778 1770 865 1802 male
882 1771 988 1803 salsus

75 1823 189 1857 ridens
202 1824 415 1857 dissimulare
429 1836 439 1864 ;
463 1835 575 1856 mcum
593 1825 682 1856 iecur
698 1834 792 1856 urere
808 1823 896 1856 bilis.

80 1876 90 1892 ‘
101 1881 191 1909 certe
207 1877 321 1909 nescio
337 1877 419 1920 quid
437 1882 564 1909 secreto
581 1876 667 1908 velle
684 1875 777 1919 loqui
794 1881 826 1908 te

76 1927 191 1961 aiebas
207 1928 367 1962 mecum.’
423 1930 584 1962 ‘memini
599 1929 694 1968 bene,
716 1929 773 1961 sed
791 1929 930 1962 meliore

74 1985 227 2026 tempore
243 1982 354 2015 dicam
369 1995 377 2015 ε
404 1982 506 2015 hodie
524 1983 690 2015 tricesima
707 1983 867 2015 sabbata:
892 1983 949 2014 vin
967 1986 1002 2014 tu
