1458 2315
133 118 225 161 xv1.]
365 119 726 150 EPISTULARUM
747 118 892 149 LIBER
918 118 946 150 J.
1114 127 1173 159 251

132 196 247 229 aiebat
265 195 275 212 ‘
288 194 316 228 si
332 195 389 238 qui
406 194 588 228 comedunt
603 194 706 235 bona,
726 205 804 226 cum
819 194 862 227 sit
879 193 984 227 obeso
1140 209 1176 234 40

131 249 181 282 nil
196 248 317 282 melius
333 248 443 288 turdo,
462 248 511 280 nil
527 248 627 280 volva
643 248 815 290 pulchrius
832 246 974 290 ampla.'

131 302 292 335 nimirum
308 301 363 334 hic
380 312 444 344 ego
461 312 546 333 sum.
597 312 677 333 nam
694 306 766 333 tuta
783 306 814 332 et
833 300 972 343 parvola
987 299 1102 341 laudo,

131 365 209 388 cum
225 365 278 386 res
293 353 463 393 deficiunt,
483 353 563 386 satis
579 353 667 385 inter
683 353 762 384 vilia
777 353 871 385 sortis
886 365 894 385 ε

131 418 248 440 verum
263 407 322 439 ubi
339 407 421 449 quid
438 406 557 438 melius
573 406 739 448 contingit
756 410 788 438 et
806 405 948 444 unctius,
970 405 1061 438 idem

132 471 192 493 vos
208 470 326 503 sapere
342 464 376 491 et
391 459 481 491 solos
497 459 552 490 aio
567 459 654 490 bene
671 459 793 497 vivere,
814 469 957 500 quorum

131 513 337 556 conspicitur
351 512 468 544 nitidis
485 511 624 544 fundata
641 511 784 554 pecunia
800 504 900 544 villis.

132 727 233 760 XVI.
362 729 392 760 E
409 728 615 771 perconteris
625 727 747 760 fundus
760 737 863 767 meus,
879 727 1007 770 optime
1020 724 1169 768 Quincti,

381 792 464 814 arvo
495 786 612 824 pascat
649 792 742 813 erum
775 791 818 813 an
850 781 943 813 bacis
975 779 1150 823 opulentet

441 833 561 875 olivae,
893 839 899 842 ‘

129 885 285 930 pomisne
301 896 345 918 an
361 886 466 933 pratis
483 896 526 918 an
543 885 668 918 amicta
684 885 810 918 vitibus
827 885 931 924 ulmo,

130 938 293 971 scribetur
309 939 372 971 tibi
390 936 499 971 forma
515 938 702 982 loquaciter
718 944 750 971 et
769 939 850 971 situs
867 938 948 980 agri.

129 991 282 1037 continui
299 996 442 1031 montes,
462 992 497 1023 ni
515 991 739 1024 dissocientur
754 1002 862 1034 opaca

98 1074 104 1079 ,
132 1043 231 1083 valle,
252 1044 312 1076 sed
328 1049 364 1076 ut
380 1045 519 1076 veniens
534 1044 689 1076 dextrum
706 1044 794 1076 latus
810 1043 952 1086 aspiciat
970 1042 1031 1082 sol,

130 1095 265 1129 laevum
281 1097 458 1130 discedens
475 1107 571 1129 curru
588 1089 742 1140 fugiente>
754 1101 903 1139 vaporet.

131 1149 329 1192 temperiem
345 1149 472 1181 laudes.
523 1149 617 1191 quid,
638 1149 665 1181 si
682 1149 869 1181 rubicunda
886 1148 1024 1191 benigni

131 1210 234 1235 corna
249 1210 368 1245 vepres
384 1206 417 1234 et
433 1211 542 1244 pruna
557 1201 691 1234 serant?
715 1202 741 1233 si
760 1212 900 1243 quercus
916 1207 949 1233 et
966 1201 1032 1234 ilex

131 1254 239 1286 multa
255 1252 349 1297 fruge
365 1265 477 1297 pecus,
498 1253 605 1286 multa
620 1254 795 1286 dominum
814 1254 904 1286 iuvet
921 1254 1067 1287 umbra?
1141 1268 1175 1287 10

129 1307 223 1340 dicas
239 1307 423 1340 adductum
438 1308 576 1350 propius
593 1307 747 1340 frondere
764 1307 959 1340 Tarentum.

129 1359 205 1392 sons
221 1359 324 1392 etiam
341 1359 413 1392 rivo
429 1360 509 1392 dare
525 1370 650 1392 nomen
666 1360 816 1399 idoneus,
838 1365 873 1391 ut
890 1370 952 1392 nec

131 1412 285 1455 frigidior
299 1412 468 1445 Thracam
485 1423 547 1445 nec
564 1413 679 1456 purior
695 1413 820 1445 ambiat
841 1412 989 1451 Hebrus,

132 1465 268 1497 infirmo
284 1465 386 1508 capiti
403 1465 476 1498 fluit
493 1465 595 1505 utilis,
615 1465 706 1498 utilis
723 1466 810 1498 alvo.

129 1517 195 1550 hae
211 1517 360 1550 latebrae
375 1517 501 1557 dulces,
522 1519 634 1558 etiam,
655 1519 681 1551 si
698 1519 818 1557 credis,
837 1528 1010 1556 amoenae,

130 1569 335 1602 incolumem
353 1569 415 1602 tibi
433 1581 486 1602 me
503 1575 674 1613 praestant
693 1570 950 1612 Septembribus
967 1569 1070 1601 horis.

130 1627 166 1654 tu
184 1627 273 1655 recte
290 1622 374 1654 vivis
390 1622 417 1654 si
434 1633 530 1655 curas
546 1633 618 1655 esse
635 1623 725 1665 quod
743 1623 850 1654 audis.

129 1675 295 1707 iactamus
313 1675 378 1706 iam
397 1675 527 1717 pridem
544 1676 654 1707 omnis
672 1682 704 1708 te
724 1677 833 1707 Roma
850 1676 987 1707 beatum
1007 1686 1015 1707 :

129 1727 188 1759 sed
205 1738 323 1759 vereor
339 1738 380 1759 ne
397 1727 451 1759 cui
468 1728 510 1759 de
527 1733 559 1759 te
576 1728 650 1770 plus
667 1739 768 1770 quam
785 1728 844 1760 tibi
862 1728 990 1767 credas,

130 1790 215 1812 neve
232 1785 330 1823 putes
346 1780 450 1812 alium
468 1781 619 1822 sapiente
636 1781 793 1823 bonoque
812 1781 959 1820 beatum,
1139 1796 1174 1814 20

129 1842 206 1872 neu,
227 1832 254 1864 si
271 1837 304 1865 te
321 1832 466 1875 populus
482 1843 601 1864 sanum
619 1839 774 1875 recteque
791 1833 959 1866 valentem

128 1884 270 1924 dictitet,
291 1885 459 1917 occultam
478 1884 604 1917 febrem
622 1887 684 1917 sub
701 1892 833 1928 tempus
850 1886 972 1918 edendi

127 1936 330 1977 dissimules,
351 1938 460 1971 donec
479 1938 634 1970 manibus
653 1943 776 1970 tremor
795 1938 919 1970 ineidat
938 1938 1056 1971 unctis.
