1410 2283
247 151 307 180 204
528 142 564 181 Q.
596 141 726 172 ΗΘΚΛ
736 142 785 172 Tl
808 140 980 172 FLACCI
1194 138 1260 180 [m.

251 216 386 261 ‘quanti
403 215 570 259 emptae?’
586 217 594 233 ‘
604 214 734 259 parvo!
751 216 882 259 ‘quanti
895 225 975 258 ergo
985 215 1001 248 ἰ’
1013 213 1022 228 ’
1037 212 1265 248 ‘octussibus.’

384 271 392 286 ‘
403 269 487 301 eheu
503 271 510 301 Ε
822 309 829 314 .

249 321 329 364 quid
347 321 443 353 refert
461 320 579 352 morbo
594 330 637 352 an
654 319 748 352 furtis
764 329 964 362 pereamque
981 316 1192 362 rapinis?'—

253 375 262 390 ‘
274 374 424 416 quisnam
439 373 536 414 igitur
548 382 646 404 sanus
658 371 688 403 ?’
700 372 757 414 qui
771 382 837 403 non
847 371 976 404 stultus.
1001 370 1098 414 ‘quid
1107 371 1248 403 avarus?
1258 366 1267 382 ’

250 424 368 456 stultus
384 430 416 457 et
434 425 577 456 insanus.
632 425 641 441 ⁴
653 424 745 466 quid,
765 424 867 466 siquis
882 434 951 455 non
967 423 1009 456 sit
1024 433 1142 455 avarus
1153 421 1170 454 ἲ

251 477 408 509 continuo
426 487 523 508 sanus
535 478 550 508 ἲ
563 475 570 489 ’
587 476 734 508 minime.
767 476 776 491 ‘
789 486 857 514 cur,
878 475 1016 509 Stoice?
1027 473 1035 488 '
1057 475 1178 508 dicam.
1219 480 1269 506 160

252 540 319 561 non
336 536 383 561 est
402 529 794 561 cardiacus—Craterum
809 527 932 560 dixisse
948 531 1112 570 putato—

251 582 305 613 hic
322 592 420 622 aeger
440 593 447 612 :
471 589 558 613 recte
574 585 622 612 est
641 580 740 622 igitur
755 585 931 622 surgetque
943 581 958 611 ?
980 578 1125 621 negabit,
1403 559 1410 599 2

254 633 343 676 quod
361 633 446 664 latus
462 638 518 664 aut
535 643 629 664 renes
646 633 765 664 morbo
782 636 985 674 temptantur
1001 635 1109 662 acuto.

252 696 320 717 non
338 690 385 716 cst
403 685 550 727 periurus
566 694 674 726 neque
691 684 844 715 sordidus
861 695 868 714 :
893 682 1043 714 immolet
1057 681 1172 724 aequis

253 738 307 770 hic
325 748 460 779 porcum
480 737 630 768 Laribus.
682 746 795 767 verum
810 733 1006 766 ambitiosus
1021 738 1054 766 et
1069 733 1178 766 audax
1193 743 1202 766 ε

254 790 386 831 naviget
405 789 610 830 Anticyram.
660 787 741 830 quid
757 787 847 819 enirn
863 785 982 824 differt,
1002 785 1203 817 barathrone

254 842 359 874 dones
375 840 533 883 quicquid
551 839 663 878 habes,
685 849 726 870 an
745 848 927 880 numquam
942 843 1036 869 utare
1051 837 1176 879 paratis
1188 837 1204 869 ?

256 893 390 927 Servius
407 892 574 934 Oppidius
592 891 716 923 Canusi
733 890 800 922 duo
815 890 961 932 praedia,
980 889 1074 921 dives

253 945 392 987 antiquo
408 955 519 982 censu,
539 943 625 974 natis
642 942 762 974 divisse
777 941 909 973 duobus

255 997 366 1035 fertur,
387 1002 419 1028 et
435 996 499 1027 hoc
516 995 660 1027 moriens
677 994 787 1036 pueris
802 993 926 1025 dixisse
940 993 1068 1035 voeatis
1224 1006 1274 1031 170

255 1049 299 1082 ad
315 1049 437 1081 lectum
454 1060 462 1079 ε
491 1049 499 1063 ‘
512 1053 691 1089 postquam
707 1051 739 1078 te
755 1045 851 1083 talos,
871 1045 972 1085 Aule,
992 1053 1162 1087 nucesque

256 1101 340 1134 serre
356 1101 428 1132 sinu
444 1100 532 1138 laxo,
551 1099 676 1130 donare
692 1103 724 1130 et
740 1097 853 1129 ludere
869 1097 950 1135 vidi,

256 1159 298 1192 te,
320 1152 445 1190 Tiberi,
466 1161 648 1189 numerare,
669 1150 759 1182 cavis
775 1149 980 1181 abscondere
997 1148 1136 1187 tristem,

257 1205 393 1238 extimui
412 1214 453 1235 ne
470 1214 529 1235 vos
545 1208 657 1245 ageret
673 1201 808 1234 vesania
822 1201 960 1240 discors,

257 1263 292 1290 tu
310 1257 572 1293 Nomentanum,
593 1261 628 1286 tu
644 1265 686 1286 ne
703 1263 875 1296 sequerere
891 1253 1058 1285 Cicutam.

257 1319 358 1352 quare
374 1318 432 1350 per
447 1307 543 1338 divos
559 1311 670 1338 oratus
686 1311 824 1347 uterque
842 1304 985 1343 Penatis,

257 1366 292 1394 tu
309 1371 389 1393 cave
405 1370 447 1391 ne
464 1359 603 1396 minuas,
626 1363 660 1389 tu
676 1367 718 1389 ne
734 1357 841 1388 maius
858 1356 958 1388 facias
974 1356 1008 1388 id

257 1412 348 1456 quod
364 1412 442 1444 satis
459 1421 529 1443 esse
546 1415 640 1452 putat
657 1414 752 1452 pater
767 1414 799 1441 et
815 1413 934 1440 natura
950 1412 1090 1442 coercet.

257 1470 428 1508 praeterea
443 1474 486 1495 ne
501 1473 561 1494 vos
578 1462 688 1494 titillet
704 1461 821 1503 gloria,
841 1460 912 1493 iure

257 1516 397 1549 iurando
412 1515 618 1556 obstringam
635 1514 734 1545 ambo
751 1526 758 1545 :
782 1518 857 1545 uter
872 1512 990 1545 aedilis
1006 1511 1145 1544 fueritve
1225 1516 1278 1542 180

257 1573 402 1601 vestrum
418 1571 562 1609 praetor,
582 1566 610 1597 is
627 1564 823 1596 intestabilis
840 1570 874 1598 et
891 1575 982 1598 sacer
997 1568 1079 1596 esto.

257 1620 292 1652 in
307 1620 412 1652 cicere
428 1623 528 1660 atque
544 1617 620 1648 saba
635 1617 725 1648 bona
741 1621 777 1648 tu
794 1616 978 1659 perdasque
993 1614 1130 1658 lupiniS,

257 1671 343 1703 latus
359 1676 395 1702 ut
411 1671 445 1702 in
463 1670 561 1702 Circo
577 1669 719 1710 spatiere
737 1674 770 1700 et
786 1678 908 1700 aeneus
922 1672 960 1700 ut
975 1672 1053 1706 stes»,

257 1723 365 1754 nudus
381 1721 477 1764 agri-5,
498 1721 606 1752 nudus
622 1721 778 1760 nummis,
798 1720 926 1759 insane,
945 1717 1117 1762 paternis?

259 1774 383 1806 scilicet
399 1778 434 1804 ut
450 1772 586 1814 plausus
603 1783 688 1814 quos
704 1772 766 1804 sert
783 1772 939 1814 Agrippa
954 1770 1040 1802 seras
1055 1774 1104 1808 tu,

259 1830 366 1857 astuta
382 1825 562 1866 ingenuum
579 1823 696 1865 volpes
713 1823 845 1855 imitata
859 1823 1002 1855 leonem.
1009 1819 1059 1844 '-

259 1885 301 1908 ne
317 1876 390 1918 quis
405 1875 559 1907 humasse
575 1875 655 1908 velit
670 1875 823 1913 Aiacem,
843 1874 976 1913 Atrida,
994 1876 1088 1905 vetas
1103 1881 1162 1904 cur
1172 1872 1189 1904 ?

263 1930 273 1944 ‘
284 1939 343 1960 rex
359 1926 452 1959 sum.'
491 1928 539 1959 nil
554 1927 641 1960 ultra
655 1937 780 1970 quaero
796 1926 959 1969 plebeius.
1008 1926 1061 1958 ‘et
1075 1933 1218 1967 aequam
