1458 2315
123 176 166 218 1.]
380 178 682 209 SATJRARUM
704 180 849 209 LIBER
876 179 903 210 l.
1108 180 1162 208 161

123 259 160 287 ut
176 255 238 288 tibi
256 255 283 287 si
300 255 342 287 sit
358 266 442 298 opus
458 255 579 298 liquidi
596 266 665 287 non
681 255 827 298 amplius
844 267 928 288 urna

122 308 177 341 vel
194 308 327 351 cyatho,
350 313 383 341 et
400 309 492 340 dicas
508 321 515 341 :
538 310 681 350 ‘magno
697 309 740 341 de
757 309 896 341 flumine
913 309 1029 341 malim

122 372 226 404 quam
243 372 283 393 ex
299 361 364 393 hoc
381 361 544 394 fonticulo
561 362 761 394 tantundem
778 361 934 394 sumere.'
981 373 1023 396 eo
1039 361 1089 402 fit,

122 414 255 456 plenior
272 419 308 446 ut
324 414 438 457 siquos
454 413 600 446 delectet
618 415 717 456 copia
734 414 832 454 iusto,

123 477 200 499 cum
217 467 290 510 ripa
307 467 405 499 simul
423 467 557 499 avolsos
574 466 657 499 serat
676 467 821 503 Aufidus
838 478 923 500 acer.

122 524 156 551 at
173 520 231 561 qui
249 519 370 552 tantuli
387 525 463 563 eget
480 525 608 562 quanto
627 525 676 552 est
693 531 788 562 opuS‚
810 520 837 552 is
850 531 960 563 neque
978 520 1060 552 limo

123 572 294 604 turbatam
307 572 418 604 haurit
432 583 556 615 aquam
568 583 678 615 neque
691 573 795 605 vitam
809 573 934 605 amittit
947 573 982 605 in
995 574 1104 606 undis.
1131 581 1166 606 60

121 630 156 657 at
172 625 263 657 bona
279 636 356 668 pars
372 625 549 657 hominum
566 626 710 668 decepta
727 626 885 668 cupidine
903 626 987 658 falso

126 679 135 693 ‘
147 677 196 710 nil
213 678 294 710 satis
310 676 378 710 est’
396 678 515 720 inquit,
541 679 549 694 ‘
562 678 642 720 quia
659 678 743 710 tanti
760 684 923 720 quantum
940 679 1066 711 habeas
1083 677 1153 712 sis.'

120 731 204 773 quid
220 730 323 763 facias
340 730 389 762 illi
403 732 418 762 ?
440 731 557 763 iubeas
574 731 734 763 miserum
752 742 834 769 esse,
855 731 1002 764 libenter

120 789 286 826 quatenus
302 784 337 816 id
355 783 433 816 sacit
450 796 458 816 :
483 789 520 816 ut
537 784 677 826 quidam
695 789 901 816 memoratur
916 785 1063 817 Athenis

120 837 276 869 sordidus
292 847 331 869 ac
347 837 451 875 dives,
473 836 592 879 populi
611 841 827 869 contemnere
844 847 944 869 voces

120 890 168 922 sic
184 889 317 922 solitus:
337 889 504 933 ‘populus
520 900 575 921 me
592 889 704 922 sibilat
718 901 728 929 3
753 895 785 922 at
802 890 885 921 mihi
903 890 1030 932 plaudo

118 943 192 984 ipse
208 942 312 982 domi,
334 942 433 974 simul
451 953 490 975 ac
507 953 665 974 nummos
683 943 898 985 contemplor
915 943 950 975 in
967 942 1067 976 arca.’

119 995 285 1027 Tantalus
301 1007 321 1027 a
337 995 442 1028 labris
458 995 573 1027 sitiens
590 995 753 1038 fugientia
771 1000 885 1038 captat

88 1079 91 1082 ,
118 1047 269 1080 flumina.
320 1048 402 1091 quid
419 1047 533 1080 rides?
555 1053 686 1080 mutato
703 1049 841 1080 nornine
858 1049 901 1081 de
921 1053 954 1081 te

118 1100 234 1133 sabula
246 1106 400 1133 narratur
417 1112 424 1132 :
448 1101 617 1144 congestis
633 1102 784 1143 undique
802 1102 908 1134 saccis
1130 1118 1164 1142 70

118 1153 283 1186 indormis
300 1153 434 1185 inhians
451 1159 484 1185 et
500 1159 674 1197 tamquam
693 1165 829 1196 parcere
847 1155 949 1187 sacris

118 1207 248 1249 cogeris
261 1212 318 1238 aut
336 1206 435 1249 pictis
453 1211 625 1249 tamquam
644 1207 790 1248 gaudere
808 1208 952 1240 tabellis.

117 1260 227 1297 nescis
243 1271 310 1303 quo
326 1260 436 1292 valeat
454 1270 623 1297 nummus,
645 1270 745 1302 quem
762 1260 923 1301 praebeat
940 1271 1037 1292 usum
1049 1262 1064 1293 ?

117 1313 213 1355 panis
230 1319 370 1351 ematur,
392 1312 500 1350 holus,
522 1312 592 1343 vini
612 1312 782 1351 sextarius,
805 1313 893 1345 adde

117 1366 193 1408 quis
210 1365 358 1397 humana
374 1365 438 1397 sibi
455 1365 569 1397 doleat
588 1370 709 1396 natura
727 1365 867 1406 negatis,

117 1429 161 1450 an
178 1418 317 1460 vigilare
335 1423 427 1450 metu
445 1418 646 1456 exanimem,
668 1423 852 1460 noctesque
870 1417 1009 1461 diesque

118 1471 300 1504 formidare
317 1471 424 1503 malos
443 1471 540 1509 sureS,
564 1471 729 1508 incendia,
750 1481 872 1509 servos,

118 1534 160 1556 ne
177 1529 210 1556 te
227 1524 413 1567 compilent
432 1524 608 1566 fugientes,
630 1523 695 1555 hoc
712 1523 829 1555 iuvat?
853 1523 972 1555 horum

117 1587 250 1620 semper
267 1588 330 1620 ego
347 1577 493 1619 optarim
511 1576 744 1619 pauperrimus
758 1587 829 1608 esse
846 1576 1025 1608 bonorum.

117 1634 150 1661 at
164 1630 192 1662 si
209 1630 382 1662 condoluit
397 1635 600 1672 temptatum
619 1629 740 1672 frigore
757 1640 889 1671 corpus,
1128 1636 1163 1663 80

116 1687 174 1714 aut
191 1682 276 1715 alius
293 1693 387 1715 casus
404 1681 493 1715 lecto
510 1687 543 1714 te
560 1681 690 1720 adfixit,
711 1681 815 1713 habes
832 1681 890 1724 qui

117 1734 280 1774 adsideat,
301 1735 452 1767 fomenta
469 1740 574 1777 paret,
596 1735 763 1766 med'cum
782 1740 887 1776 roget,
908 1740 943 1767 ut
962 1740 995 1769 te

117 1787 252 1820 suscitet
269 1798 308 1820 ac
324 1788 412 1819 natis
428 1788 547 1820 reddat
565 1787 716 1829 carisque
735 1787 933 1830 propinquis
947 1789 962 1819 ?

117 1849 185 1871 non
201 1850 285 1872 uxor
301 1840 431 1872 salvum
449 1844 481 1872 te
495 1839 576 1879 volt,
598 1850 665 1871 non
685 1839 770 1871 filius
787 1851 796 1878 ;
821 1851 940 1873 omncs

117 1891 219 1923 vicini
235 1893 390 1931 oderunt,
411 1892 494 1931 noti,
514 1893 609 1934 pueri
627 1897 728 1935 atque
745 1893 889 1934 puellae.

117 1944 258 1984 miraris,
279 1955 356 1977 cum
374 1950 408 1977 tu
426 1951 566 1987 argento
583 1950 659 1988 post
678 1946 793 1977 omnia
810 1956 926 1988 ponas,

118 1995 148 2029 si
164 2006 265 2030 nemo
283 2004 427 2040 praestet
446 2009 546 2041 quein
566 2009 632 2029 non
650 1999 807 2031 mercaris
825 2002 996 2032 amorem?
