1410 2283
262 112 300 134 10
543 102 579 140 Q.
611 99 743 131 HORA
753 99 803 130 TI
826 98 999 132 naec!
1212 97 1279 141 [π.

346 187 506 210 conamur
522 180 639 209 tenues
653 173 804 217 grandia,
823 172 904 206 dum
919 173 1030 217 pudor

347 229 558 271 imbellisque
576 228 667 270 lyrae
684 227 784 259 Musa
801 231 920 269 potens
935 231 1027 260 vetat
1250 241 1284 260 ιο

348 282 463 314 laudes
479 280 602 322 egregii
621 280 775 312 Caesaris
791 285 822 312 et
842 284 915 312 tuas

435 332 533 375 culpa
549 333 699 364 deterere
716 331 839 374 ingeni.

347 447 422 489 quis
439 446 583 478 Martem
601 445 714 478 tunica
730 450 855 478 tectum
871 443 1089 478 adamantina

348 500 449 541 digne
465 499 643 541 scripserit,
663 503 719 530 aut
736 497 873 541 pulvere
888 497 1013 530 Troico

350 553 482 594 nigrum
500 551 687 590 Merionen,
707 555 763 583 aut
780 560 845 593 ope
864 548 1011 582 Palladis

437 603 595 643 Tydiden
611 602 739 646 superis
751 612 866 646 parem
876 603 892 634 ?

349 726 412 748 nos
427 715 592 753 convivia,
613 725 674 747 nos
690 712 817 757 proelia
833 712 999 755 virginum

351 769 450 801 sectis
467 769 500 800 in
517 769 652 800 iuvenes
669 766 835 809 unguibus
851 765 978 798 acrium

352 826 526 854 cantamus
544 820 650 858 vacui,
667 819 736 851 sive
752 818 833 862 quid
851 817 987 857 urimur,

441 883 508 906 non
526 878 656 916 praeter
671 871 808 904 solitum
824 871 924 904 leves.
1184 920 1185 924 Ἰ
1257 883 1291 901 20

267 1153 350 1187 v11.
472 1151 753 1186 AUDABUNT
791 1152 848 1185 alii
887 1151 1011 1185 claram
1050 1150 1198 1186 Rhodon
1234 1153 1292 1183 aut

583 1205 769 1247 Mitylenen

311 1262 367 1290 aut
386 1258 556 1300 Epheson,
577 1257 756 1289 bimarisve
774 1256 928 1290 Corinthi

268 1310 400 1343 moenia
415 1310 468 1342 vel
487 1309 620 1342 Baccho
635 1309 773 1341 Thebas
789 1308 841 1341 vel
858 1308 1020 1351 Apolline
1038 1307 1192 1352 Delphos

313 1363 461 1406 insignis,
481 1368 538 1394 aut
554 1361 717 1394 Thessala
732 1361 862 1404 Tempe
878 1372 888 1401 ς

269 1480 344 1507 sunt
361 1474 482 1517 quibus
499 1485 602 1506 unum
619 1485 704 1517 opus
721 1479 771 1507 est
788 1474 933 1507 intactae
951 1472 1100 1506 Palladis
1114 1471 1232 1506 urbem

314 1527 462 1560 carmine
477 1532 641 1570 perpetuo
657 1526 825 1560 celebrare
842 1532 875 1560 et

271 1580 418 1622 undique
434 1580 627 1622 decerptam
644 1579 744 1613 fronti
761 1589 969 1623 praeponere
986 1577 1112 1611 olivam
1126 1588 1137 1617 ;

316 1632 478 1674 plurimus
494 1632 528 1664 in
546 1633 686 1666 Iunonis
701 1632 866 1666 honorem

273 1747 389 1785 aptum
404 1743 492 1777 dicet
508 1745 602 1788 equis
621 1745 731 1787 Argos
747 1744 900 1786 ditesque
917 1743 1078 1785 Mycenas
1093 1752 1103 1774 :

317 1805 371 1827 me
387 1806 495 1838 neque
513 1803 581 1829 tam
599 1797 730 1839 patiens
747 1795 983 1829 Lacedaemon
1263 1806 1297 1824 ιο

274 1856 336 1878 nec
350 1852 420 1879 tam
432 1849 585 1881 Larissae
600 1848 761 1890 percussit
776 1858 917 1891 campus
931 1846 1065 1890 opimae

319 1910 421 1942 quam
437 1900 556 1933 domus
573 1901 750 1933 Albuneae
765 1899 951 1933 resonantis
