1410 2283
279 159 318 187 88
571 156 607 193 Q.
639 153 770 185 IIORA
781 153 811 183 T
809 153 831 183 Ι
854 152 1025 184 FLACCI
1183 150 1299 192 [xvm.
1324 152 1329 158 ‘

457 229 483 261 si
502 234 594 262 tener
608 228 710 271 pleno
725 228 816 261 cadit
830 226 958 260 haedus
973 237 1074 267 anno,

458 282 550 324 larga
565 292 627 314 nec
642 282 763 314 desunt
778 280 920 314 Veneris
936 279 1043 313 sodali

458 335 536 366 vina
550 340 707 373 craterae,
726 337 821 366 vetus
836 343 894 365 ara
908 332 1016 365 multo

632 386 738 419 sumat
754 385 866 418 odore.

459 510 544 542 ludit
561 509 704 541 herboso
722 518 824 551 pecus
840 517 940 540 omne
955 517 1088 549 campo,

459 572 535 594 cum
553 561 613 593 tibi
631 560 752 592 Nonae
770 559 909 592 redeunt
926 559 1154 598 Decembrem

460 613 562 646 festus
578 613 612 645 in
629 612 732 655 pratis
747 616 843 643 vacat
859 610 969 643 otioso

633 674 711 696 cum
726 663 811 695 bove
827 673 932 705 pagus
948 674 959 702 3

462 784 548 816 inter
563 783 706 815 audaces
722 781 819 824 lupus
835 784 921 814 errat
937 790 1041 822 agnos
1055 790 1066 819 ;

460 835 585 879 spargit
602 834 739 877 agrestis
755 834 816 866 tibi
832 833 917 865 silva
932 832 1066 865 frondes
1079 843 1090 871 ;

461 888 584 931 gaudet
600 886 742 918 invisam
758 885 926 928 pepulisse
942 884 1047 917 fossor

637 943 686 970 ter
702 938 787 981 pede
804 942 935 970 terram.

291 1228 390 1262 XIX.
522 1225 737 1260 UANTUM
754 1224 853 1258 distet
870 1223 914 1257 ab
930 1222 1058 1256 Inacho

439 1305 510 1329 A
542 1278 672 1311 Codrus
688 1288 749 1320 pro
765 1277 874 1319 patria
889 1287 958 1309 non
972 1275 1109 1309 timidus
1123 1273 1209 1307 mori

465 1341 589 1370 narras,
608 1334 641 1362 et
657 1339 761 1372 genus
778 1328 884 1362 Aeaci

422 1388 454 1416 et
471 1389 617 1426 pugnata
633 1393 726 1415 sacro
741 1381 831 1414 bella
847 1381 909 1413 sub
924 1379 1010 1412 Ilio:

467 1514 533 1547 quo
549 1503 673 1536 Chium
688 1502 797 1545 pretio
812 1501 934 1534 cadum

423 1566 617 1594 mercemur,
637 1555 711 1598 quis
726 1564 849 1597 aquam
864 1555 1028 1596 temperet
1044 1550 1188 1595 ignibu5‚

467 1618 534 1650 quo
551 1607 732 1650 praebente
747 1606 887 1638 domum
902 1610 935 1638 et
950 1609 1054 1647 quota

426 1660 593 1703 Paelignis
609 1669 738 1691 caream
757 1657 944 1700 frigoribus,
963 1662 1063 1689 taces.

468 1781 512 1813 da
527 1780 626 1812 lunae
638 1788 781 1822 propere
796 1788 915 1817 novae,

425 1833 468 1865 da
483 1834 591 1866 noctis
606 1832 747 1870 mediae,
766 1830 820 1870 da,
840 1840 933 1873 puer,
952 1826 1087 1872 auguris

469 1886 630 1918 Murenae
647 1897 654 1917 :
679 1884 785 1917 tribus
800 1887 858 1915 aut
871 1891 996 1914 novem

425 1937 603 1970 miscentur
618 1937 746 1979 cyathis
761 1935 884 1980 pocula
898 1930 1094 1967 commodis.

1278 571 1310 590 10

1286 1840 1319 1858 ΚΟ
