1410 2283
284 126 324 155 24
580 113 616 151 Q.
648 109 780 142 Hom
791 109 840 140 T!
860 107 1039 141 FLAcct
1236 105 1303 149 [xx

423 186 619 221 Caecubum
635 190 668 218 et
685 184 799 228 praelo
814 183 980 217 domitam
995 182 1128 217 Caleno

423 246 458 273 tu
474 240 570 272 bibes
587 248 686 271 uvam
700 250 708 270 :
732 248 808 270 mea
823 247 885 269 nec
902 235 1067 270 Falernae

424 296 612 335 temperant
631 290 714 323 vites
731 299 839 332 neque
858 287 1030 322 Formiani

600 341 722 386 pocula
739 341 852 374 colles.

294 570 395 604 xxl.
523 568 687 602 IANAM
706 572 840 602 tenerae
857 567 959 601 dicite
976 566 1132 610 virgines,

544 623 725 661 intonsum,
746 621 850 664 pueri,
871 620 973 654 dicite
991 619 1189 663 Cynthium,

473 675 706 716 Latonamque
724 683 881 716 supremo

515 727 674 759 dilectam
692 726 825 769 penitus
844 724 928 757 Iovi.

427 841 487 864 vos
504 830 625 863 laetam
645 829 754 862 fluviis
771 835 803 862 et
821 838 995 862 nemorum
1013 838 1121 868 coma,

428 893 658 926 quaecumque
674 887 729 914 aut
747 881 861 924 gelido
879 881 1047 924 prominet
1063 879 1202 924 Algido,

473 935 577 978 nigris
594 940 649 967 aut
667 934 867 976 Erymanthi

518 987 610 1020 silvis
627 991 683 1019 aut
701 987 815 1019 viridis
833 986 946 1029 Cragi.

431 1102 490 1124 vos
507 1091 637 1134 Tempe
655 1091 796 1123 totidem
814 1090 922 1123 tollite
939 1089 1095 1122 laudibus

431 1144 655 1187 natalemque,
675 1154 794 1181 mareS,
816 1142 930 1175 Delon
947 1142 1130 1186 Apollinis,
1296 1157 1329 1176 xo

477 1197 710 1239 insignemque
731 1195 888 1238 pharetra

522 1249 732 1292 fraternaque
750 1258 901 1280 umerum
918 1246 1000 1290 lyra.

432 1353 487 1385 hic
503 1351 630 1385 bellum
647 1351 873 1390 lacrimosum,
892 1350 947 1383 hic
961 1349 1117 1383 miseram
1133 1348 1259 1384 samem

435 1410 631 1448 pestemque
649 1414 669 1436 a
684 1403 812 1446 populo
828 1407 861 1435 et
879 1402 1030 1446 principe
1048 1403 1192 1436 Caesare
1207 1403 1243 1436 in

480 1458 598 1490 Persas
614 1462 714 1499 atque
732 1455 913 1488 Britannos

524 1516 634 1543 vestra
650 1514 761 1542 motus
777 1513 853 1551 aget
870 1517 980 1551 prece.

306 1745 426 1778 XXII.
536 1744 741 1778 NTEGER
756 1744 844 1778 vitae
860 1743 1061 1788 scelerisque
1075 1753 1179 1788 purus

558 1809 627 1830 non
644 1803 719 1841 eget
738 1797 865 1830 Mauris
882 1797 1000 1831 iaculis
1014 1807 1125 1841 neque
1140 1804 1220 1830 arcu

482 1860 545 1883 nec
561 1851 732 1883 venenatis
746 1849 886 1893 gravida
900 1849 1042 1893 sagittis,

662 1903 779 1941 Fusce,
798 1901 966 1945 pharetra,
