1426 2315
367 127 437 165 DE
462 127 599 160 ARTE
628 106 848 160 POET'JCA.

92 203 124 238 si
137 190 232 238 buret
247 202 324 247 quis
337 213 437 247 opem
452 203 537 236 serre
552 206 586 236 et
602 203 781 237 demittere
796 202 923 244 funem,

97 257 108 275 ⁶
119 256 179 300 qui
193 255 258 290 scis
273 266 318 288 an
334 257 481 300 prudens
496 256 562 289 huc
578 267 613 289 se
627 257 806 300 proiecerit
823 261 924 300 atque

93 309 218 343 servari
233 307 362 342 nolit?’
387 309 509 349 dicam,
532 309 702 353 Siculique
719 314 839 352 poetae

93 361 240 395 narrabo
255 361 440 395 interitum.
488 362 571 394 deus
587 362 786 394 immortalis
802 361 919 395 haberi

91 414 175 447 dum
190 415 284 458 cupit
301 414 537 458 Empedocles,
556 415 732 448 ardentem
749 415 890 457 frigidus
907 415 1056 448 Aetnam

93 466 232 500 insiluit.
279 467 321 499 sit
338 467 389 500 ius
405 467 570 510 liceatque
587 468 694 510 perire
712 469 831 510 poetis,

91 518 237 553 invitum
253 520 310 563 qui
327 525 435 552 servat
452 519 542 552 idern
558 519 638 552 facit
653 521 831 552 occidenti.

93 582 157 606 nec
173 573 278 606 semel
293 572 359 606 hoc
374 572 463 612 fecit,
484 583 546 605 nec
562 573 590 605 si
606 577 768 605 retractus
784 574 845 605 erit
862 573 940 612 iam,

93 625 151 658 fiet
166 624 270 658 homo
286 629 319 658 et
335 629 438 668 ponet
454 624 603 657 famosae
620 625 737 656 mortis
753 635 915 658 amorem.

91 688 155 712 nec
170 678 251 711 satis
267 681 407 720 apparet
423 687 481 710 cur
496 687 610 710 versus
625 677 752 710 factitet
768 689 778 717 ς
801 682 915 710 utrum

91 730 249 763 minxerit
264 730 299 762 in
315 730 443 772 patrios
459 729 600 769 eineres,
621 740 665 761 an
681 729 774 762 triste
790 729 944 762 bidental

91 782 234 815 moverit
246 782 392 815 incestus
409 793 417 814 :
441 787 530 815 certe
546 781 635 821 furit,
655 792 695 814 ac
710 782 801 814 velut
818 792 914 815 ursus

90 834 243 868 obiectos
257 845 380 868 caveae
395 834 501 867 valuit
514 834 541 867 si
558 834 711 877 frangere
727 834 885 874 clami-os,

89 886 265 921 indoctum
280 887 486 930 doctumque
502 887 596 930 sugat
611 887 769 920 recitator
785 887 925 920 acerbus
939 897 950 927 ς

90 951 192 984 quem
209 951 289 974 vero
301 941 452 984 arripuit,
472 944 563 974 tenet
580 940 770 983 occiditque
785 939 941 983 legendo,

90 1003 161 1027 non
176 994 318 1028 missura
333 999 445 1028 cutem
461 994 523 1027 nisi
541 993 643 1037 plena
658 994 783 1028 cruoris
800 993 932 1027 hirudo.

1071 138 1129 169 ²93

1076 692 1127 716 ⁴70
