1410 2283
284 132 340 161 188
566 131 596 169 Q
634 128 823 160 HORAT!
849 129 1021 162 FLACCI
1237 129 1300 171 [tx.

281 205 382 238 curtis
401 205 536 238 Iudaeis
553 205 723 248 oppedcre
736 205 751 237 ?
764 203 772 218 '
799 205 809 222 ⁴
819 204 912 237 nulla
927 204 1012 238 mihi
1023 202 1033 219 ‘
1048 204 1185 251 inquam
1272 219 1306 246 70

285 257 424 300 ‘religio
440 256 514 290 est)
566 259 618 290 ‘at
636 257 702 289 mi:
729 268 802 290 suin
821 256 922 300 paulo
939 256 1110 296 infirmior,
1131 267 1217 290 unus

281 310 473 342 inultorum.
518 310 691 352 ignosces:
717 309 800 342 alias
816 307 958 353 loquar.'
1004 308 1149 342 huncine
1163 309 1271 342 solem

281 369 349 395 tam
367 363 496 404 nigrum
514 373 645 394 surrexe
663 362 743 394 mihi
758 364 765 393 !
792 362 874 404 sugit
891 361 1064 404 improbus
1079 371 1118 395 nc
1134 372 1189 394 me

281 416 343 447 sub
359 415 466 447 cultro
482 414 615 457 linquit.
660 425 738 447 casu
756 413 847 446 venit
863 413 982 446 obvius
998 413 1048 446 illi

282 467 488 499 adversarius
504 472 536 498 et
558 468 645 509 ‘quo
662 471 697 498 tu
715 465 950 508 turpissime?'
967 476 1091 509 magna

283 520 440 552 inclamat
458 529 548 557 voce,
569 524 602 550 et
624 520 632 534 ¹
646 518 722 551 licet
738 516 940 550 antestari?
965 529 1030 561 ego
1046 527 1126 550 vero

283 582 418 614 oppono
435 570 627 603 auriculam.
679 570 766 613 rapit
783 571 817 602 in
835 570 885 602 ius
902 582 910 602 :
933 570 1062 602 clamor
1075 569 1255 613 utrimque,

283 622 430 665 undiquc
447 632 635 654 concursus.
685 622 732 655 sic
749 632 803 654 mc
819 621 962 654 servavit
980 620 1118 664 Apollo.

286 869 332 903 X.
376 867 390 912 [
484 869 633 909 UCILI,
654 880 755 912 quam
772 869 817 902 sis
834 869 1023 909 mendosus,
1044 873 1127 902 teste
1144 867 1276 901 Catone

504 921 678 954 defensore
696 927 754 954 tuo
770 922 973 964 pervincam,
993 921 1050 965 qui
1067 920 1155 954 male
1172 920 1278 954 factos

287 973 467 1006 emendare
485 979 579 1016 parat
596 984 720 1013 versus,
740 974 805 1006 hoc
822 973 928 1006 lenius
945 974 1002 1006 ille

287 1036 355 1068 quo
373 1025 491 1057 melior
506 1025 557 1056 vir
573 1030 605 1057 ct
622 1031 671 1058 est
688 1025 788 1068 lo'nge
805 1026 957 1058 subtilior
972 1025 1031 1059 illo

288 1078 344 1120 qui
363 1077 505 1109 multum
522 1088 603 1119 puer
619 1082 651 1110 et
669 1077 748 1110 loris
765 1083 797 1110 et
814 1077 948 1110 funibus
964 1078 1039 1110 udis

288 1133 492 1171 exhortatus,
513 1138 547 1164 ut
566 1138 652 1164 esset
669 1143 770 1175 opem
784 1132 842 1175 qui
858 1132 942 1165 serre
958 1132 1068 1176 poetis

288 1185 434 1227 antiquis
452 1190 563 1226 posset
581 1190 697 1216 contra
715 1184 849 1216 fastidia
863 1189 989 1224 nostra,

288 1237 584 1279 grammaticorum
616 1237 767 1280 equitum
796 1237 1021 1270 doctissimus.
1066 1241 1104 1270 ut
1131 1235 1269 1270 redeam

422 1287 532 1331 illuc,]

291 1341 426 1384 Nempe
444 1341 668 1383 incomposito
683 1341 753 1374 dixi
765 1341 853 1385 pede
868 1351 999 1374 currere
1014 1351 1131 1374 versus

293 1394 412 1427 Lucili.
462 1394 538 1436 quis
555 1399 623 1425 tam
642 1394 749 1426 Lucili
767 1394 876 1426 fautor
891 1393 1006 1436 inepte
1021 1398 1072 1426 est
1281 1406 1316 1426 ro

291 1452 327 1478 ut
344 1456 411 1477 non
427 1445 491 1478 hoc
511 1445 679 1478 fateatur?
701 1451 736 1478 at
751 1446 853 1484 idem,
871 1446 962 1488 quod
979 1445 1048 1478 sale
1062 1443 1171 1478 multo

294 1498 423 1531 Urbem
440 1497 606 1536 defricuit,
627 1497 741 1530 charta
756 1497 912 1529 laudatur
926 1497 1055 1530 eadem.

292 1561 354 1583 nec
385 1556 499 1583 tamen
528 1550 592 1582 hoc
623 1550 773 1582 tribuens
797 1549 950 1582 dederim
979 1558 1115 1592 quoque
1143 1553 1255 1582 cetera
1271 1559 1281 1582 ε

425 1613 504 1634 nam
521 1603 568 1634 sic

293 1659 327 1687 et
345 1655 467 1687 Laberi
484 1655 605 1686 mimos
622 1659 656 1686 ut
674 1653 813 1697 pulchra
829 1656 988 1697 poemata
1002 1652 1114 1686 mirer.

295 1718 375 1750 ergo
390 1718 458 1739 non
475 1707 554 1739 satis
571 1711 621 1739 est
637 1706 704 1738 risu
720 1706 879 1738 diducere
895 1705 1021 1738 rictum

295 1760 456 1792 auditoris
475 1771 482 1791 :
506 1764 538 1791 et
554 1764 603 1790 est
620 1758 786 1801 quaedam
802 1763 915 1791 tamen
925 1757 981 1790 hic
996 1767 1132 1801 quoque
1145 1755 1273 1790 virtum

289 1802 345 1844 'est
360 1812 524 1844 brevitate
540 1821 635 1853 opus,
655 1816 691 1842 ut
707 1815 816 1843 currat
832 1809 998 1842 sententia
1012 1819 1080 1841 neu
1094 1819 1135 1842 se

297 1864 461 1906 impediat
477 1863 588 1895 verbis
605 1862 708 1894 lassas
723 1861 940 1894 onerantibus
955 1860 1055 1900 auris,

297 1921 332 1948 et
347 1925 502 1948 sermone
518 1925 603 1957 opus
619 1920 668 1947 est
684 1914 786 1948 modo
803 1913 900 1954 tristi,
918 1923 1018 1957 saepe
1033 1912 1162 1958 iocoso,
