1458 2315
100 155 181 197 vm]
331 155 693 187 EPISTULARUM
715 155 860 186 LIBER
888 156 916 186 I.
1083 164 1142 194 241

100 231 149 265 ire
164 232 254 265 foras
269 230 371 274 pleno
386 230 548 264 tendebat
563 241 704 274 corpore
717 230 848 263 frustra.

101 285 156 318 cui
171 284 316 318 mustela
331 284 449 327 procul
469 285 478 300 ‘
492 284 519 317 si
537 283 603 316 vis'
620 284 668 316 ait
688 284 696 300 ‘
710 283 856 326 effugere
872 282 984 322 istinc,

102 348 216 370 macra
232 347 352 370 cavum
369 341 501 379 repetes
518 342 640 376 artum,
660 347 763 379 quem
779 347 893 368 macra
909 333 1054 368 subisti.'

101 390 167 423 hac
183 400 247 432 ego
263 390 291 422 si
308 389 496 432 compellor
513 389 670 432 imagine,
692 394 812 421 cuncta
829 389 962 431 resigno
978 399 988 428 ;

103 453 165 476 nec
182 453 338 475 somnum
354 442 464 485 plebis
480 442 582 474 laudo
599 447 689 474 satur
707 442 862 482 altilium,
881 452 945 474 nec

104 496 174 528 otia
189 495 317 527 divitiis
334 495 488 527 Arabum
504 495 676 527 liberrima
692 499 798 527 muto.
814 511 817 513 ·

103 558 206 591 saepe
222 548 450 581 verecundum
467 547 626 587 laudasti,
648 558 774 590 rexque
790 551 953 590 paterque

105 601 230 633 audisti
245 611 370 640 coram,
390 610 453 632 nec
469 600 573 632 verbo
590 600 723 643 parcius
739 601 862 633 absens
879 612 886 632 :

105 653 234 696 inspice
251 653 279 686 si
295 663 433 696 possum
449 653 576 685 donata
591 663 754 696 reponere
770 652 888 686 laetus.

106 706 200 738 haud
215 705 304 738 male
321 705 555 744 Telemachus,
576 705 688 748 proles
704 705 862 748 patientis
881 705 974 738 Ulixi
991 717 999 738 :
1114 719 1149 745 40

110 760 200 792 ‘non
216 763 265 791 est
281 763 381 801 aptus
397 758 492 800 equis
509 758 628 790 Ithace
644 757 747 797 locus,
768 763 805 790 ut
821 768 931 800 neque
948 758 1058 800 planis

107 815 280 854 porrectus
295 810 414 854 spatiis
429 820 491 843 nec
507 810 633 843 multae
649 811 809 853 prodigus
825 811 970 843 herbae:

107 863 240 904 Atride,
260 863 368 906 magis
384 868 466 906 apta
481 863 543 895 tibi
561 868 619 896 tua
633 863 724 895 dona
739 862 953 906 relinquam.'

107 926 250 960 parvum
267 926 371 958 parva
385 916 507 949 decent
524 928 532 948 ε
555 915 640 948 mihi
656 916 723 948 iam
739 926 808 948 non
825 916 916 958 regia
934 916 1054 955 Roma,

109 969 169 1002 sed
184 979 327 1002 vacuum
343 968 451 1001 Tibur
466 968 579 1011 placet
596 973 653 1001 aut
671 968 810 1002 imbelle
826 969 1023 1002 Tarentum.

108 1028 262 1054 strenuus
274 1025 308 1054 et
325 1021 420 1054 fortis
433 1021 608 1064 causisque
626 1021 805 1064 Philippus
821 1022 963 1065 agendis

81 1074 96 1092 ”
109 1074 230 1112 clarus,
250 1074 294 1106 ab
310 1073 429 1106 officiis
444 1079 600 1107 octavam
617 1074 747 1107 circiter
762 1074 882 1107 horam

108 1127 193 1159 dum
209 1126 295 1158 redit
311 1131 413 1168 atque
431 1126 520 1158 Foro
537 1126 679 1158 nimium
695 1126 820 1159 distare
837 1127 978 1159 Carinas

111 1179 180 1211 iam
195 1178 332 1221 grandis
349 1182 429 1210 natu
446 1178 605 1221 queritur,
626 1179 813 1221 conspexit,
832 1183 868 1211 ut
885 1179 989 1218 aiunt,

85 1255 90 1259 .
112 1231 271 1263 adrasum
288 1231 459 1273 quendam
475 1241 581 1263 vacua
599 1231 744 1263 tonsoris
761 1231 796 1263 in
812 1232 933 1263 umbra
1117 1247 1150 1271 50

113 1283 252 1316 cultello
267 1283 423 1326 proprios
440 1288 638 1325 purgantem
657 1284 777 1316 leniter
790 1284 923 1326 unguis.

117 1337 127 1352 ‘
139 1335 293 1368 Demetri
307 1334 445 1378 ’—puer
461 1335 515 1368 hic
531 1346 600 1368 non
617 1336 713 1369 laeve
730 1336 818 1368 iussa
836 1336 987 1379 Philippi

113 1388 362 1430 accipiebat-o‘
373 1388 440 1428 abi,
459 1399 583 1431 quaere
600 1393 632 1421 et
650 1389 746 1428 refer,
766 1389 855 1422 unde
871 1389 985 1429 domo,
1006 1389 1091 1433 quis,

113 1441 208 1474 cuius
224 1440 390 1480 fortunae,
409 1451 476 1484 quo
493 1441 535 1473 sit
553 1446 648 1484 patre
665 1452 776 1484 quove
792 1441 962 1484 pat1·on0.’

114 1493 151 1532 it,
168 1493 255 1526 redit
273 1497 305 1526 et
322 1498 446 1531 narrat,
466 1493 638 1526 Volteium
654 1494 791 1526 nomine
809 1495 958 1533 Menam,

115 1555 329 1589 praeconem,
351 1546 441 1578 tenui
458 1556 569 1584 censu,
589 1546 661 1578 sine
677 1546 828 1585 crimine,
849 1552 968 1578 notum

115 1603 149 1632 et
165 1608 346 1641 properare
362 1597 437 1630 loco
453 1602 486 1630 et
501 1609 632 1631 cessare
648 1604 680 1631 et
697 1609 855 1641 quaerere
871 1604 904 1631 et
921 1599 980 1638 uti,

115 1650 319 1693 gaudentem
336 1650 514 1693 parvisque
531 1651 703 1683 sodalibus
721 1656 752 1683 et
771 1651 838 1683 lare
855 1656 948 1684 certo

117 1709 151 1736 et
169 1703 256 1736 ludis
273 1711 305 1736 et
323 1708 398 1746 post
415 1703 527 1736 decisa
545 1703 680 1745 negotia
697 1704 841 1746 Campo.

121 1756 131 1772 ⁴
144 1756 256 1788 scitari
273 1755 355 1788 libet
371 1766 411 1788 ex
429 1756 503 1798 ipso
519 1756 756 1798 quodcumque
774 1756 873 1788 refers
889 1768 896 1788 :
920 1757 975 1790 die
1120 1765 1154 1790 60

118 1807 163 1840 ad
179 1818 298 1841 cenam
314 1806 453 1840 veniat.‘
499 1819 566 1840 non
585 1819 665 1841 sane
681 1808 817 1841 credere
835 1809 949 1848 Mena,

119 1860 233 1893 mirari
249 1871 361 1894 secum
379 1861 509 1893 tacitus.
559 1862 639 1904 quid
659 1861 789 1894 multa?
809 1863 817 1878 ⁴
834 1862 978 1904 benigne
990 1860 998 1875 '

120 1913 311 1956 respondet.
366 1914 484 1955 ‘neget
502 1913 559 1946 illc
577 1914 657 1946 mihi
671 1912 705 1946 ?’
735 1915 853 1956 ‘negat
873 1914 1045 1957 improbus
1061 1920 1093 1948 et
1112 1920 1145 1949 t«,-

120 1965 268 2009 neglegit
285 1970 341 1999 aut
358 1965 496 1999 horrct.’
543 1966 716 1999 Voltcium
734 1978 832 2000 manc
851 1968 1028 2011 Philippus
