1410 2283
287 149 347 178 270
569 142 604 179 Q.
636 141 676 170 H
676 141 767 171 ORA
776 141 827 170 TI
849 140 938 171 FLA
943 141 971 171 C
972 140 1019 171 CI
1267 141 1306 181 [1.

283 218 317 246 et
334 213 548 247 formidatam
568 215 699 248 Parthis
714 218 747 247 te
763 215 913 257 principe
929 214 1085 253 Romam,

283 265 311 297 si
322 272 483 308 quantum
495 277 650 308 cuperem
661 277 793 309 possem
804 277 956 308 quoque:
979 265 1038 298 sed
1050 274 1159 310 neque
1168 275 1309 308 parvum

283 328 417 350 carmen
434 318 589 350 maiestas
606 318 722 360 recipit
739 323 805 357 tua,
826 315 887 350 nec
903 328 996 349 meus
1011 317 1112 350 audet

285 380 353 401 rem
371 376 534 411 temptare
552 370 660 411 pudor
676 380 776 411 quam
794 370 878 401 vires
895 369 978 401 serre
994 373 1154 401 recusent.

284 422 443 453 sedulitas
460 428 570 453 autem
588 422 687 454 stulte
703 433 803 463 quem
821 422 929 463 diligit
946 425 1074 463 urguet,
1260 428 1312 453 260

285 474 462 515 praecipue
479 484 554 504 cum
572 484 605 505 se
622 474 768 505 numeris
785 473 998 505 commendat
1016 477 1048 504 et
1065 476 1135 504 arte
1151 484 1159 504 :

285 525 381 556 discit
399 525 487 556 enim
505 525 601 556 citius
620 526 837 567 meminitque
855 525 1011 556 libentius
1028 524 1111 556 illud

285 577 374 618 quod
392 577 465 618 quis
481 576 609 608 deridet
628 587 727 618 quam
745 577 835 618 quod
853 577 972 619 probat
989 581 1022 608 et
1039 580 1225 608 veneratur.

286 628 333 659 nil
351 639 461 659 moror
477 628 622 660 officium
639 629 728 670 quod
747 639 800 660 me
816 634 932 670 gravat
950 639 959 667 ;
983 638 1021 660 ac
1037 638 1147 670 neque
1163 627 1243 660 ficto

286 680 320 711 in
336 680 430 721 peius
446 680 537 711 voltu
555 681 698 721 proponi
715 691 828 712 cereus
845 690 995 722 usquam,

287 742 348 764 nec
366 742 466 773 prave
483 731 576 763 sactis
593 732 741 763 decorari
760 732 909 764 versibus
924 737 1005 773 opto
1021 743 1031 770 ;

287 794 330 815 ne
347 783 482 814 rubeam
499 783 614 824 pingui
631 783 774 814 donatus
791 793 938 821 munere,
959 787 991 814 et
1008 793 1075 814 una

288 845 364 867 cum
381 835 540 875 scriptore
557 845 633 865 meo
649 844 747 875 capsa
765 840 935 875 porrectus
952 839 1069 876 operta

288 886 416 918 deferar
432 886 467 916 in
483 886 593 917 vicum
610 885 811 917 vendentem
828 890 880 917 tus
897 890 928 917 et
947 885 1067 917 odores

289 943 321 971 et
339 938 434 981 piper
450 942 483 970 et
499 937 656 979 quicquid
673 937 796 969 chartis
812 937 964 969 amicitur
980 936 1111 980 ineptis·
1262 953 1314 978 270

291 1150 339 1184 11.
461 1149 602 1189 LORE,
621 1149 712 1182 bono
728 1149 884 1192 claroque
901 1149 1008 1182 fidelis
1023 1149 1130 1183 amice
1147 1149 1288 1191 Neroni,

483 1203 584 1244 siquis
601 1202 685 1234 sorte
701 1203 780 1234 velit
796 1213 936 1244 puerum
954 1202 1014 1234 tibi
1031 1201 1175 1234 vendere
1190 1207 1310 1235 natum

291 1254 417 1286 Tibure
434 1254 486 1286 vel
504 1255 620 1286 Gabiis
637 1260 669 1286 et
682 1260 792 1286 tecum
808 1255 855 1286 sic
871 1259 947 1296 agat
963 1265 971 1285 τ
999 1254 1073 1286 ‘hic
1089 1259 1124 1287 et

292 1306 452 1338 candidus
469 1312 501 1338 et
518 1306 603 1338 talos
619 1317 639 1338 a
655 1306 777 1338 vertice
793 1306 933 1347 pulcher
949 1305 992 1337 ad
1008 1306 1094 1338 imos

292 1357 347 1389 fiet
364 1358 491 1400 eritque
507 1363 581 1389 tuus
599 1368 811 1389 nummorum
828 1357 962 1390 milibus
979 1363 1067 1398 octo,

293 1420 393 1441 vema
409 1410 598 1441 ministeriis
616 1410 658 1441 ad
674 1414 773 1441 nutus
790 1413 888 1451 aptus
903 1410 1002 1449 erilis,

292 1461 443 1493 litterulis
460 1462 596 1494 Graecis
613 1462 769 1500 imbutus,
789 1461 929 1493 idoneus
946 1462 1009 1494 arti

293 1514 427 1545 cuilibet
445 1525 452 1545 ι
476 1514 592 1555 argilla
610 1513 741 1555 quidvis
759 1513 943 1546 imitaberis
959 1514 1026 1546 uda
1041 1527 1049 1547 :

294 1565 374 1607 quin
389 1566 490 1597 etiam
506 1571 601 1597 canet
617 1565 789 1596 indoctum
806 1565 864 1596 sed
882 1566 978 1598 dulce
993 1567 1133 1600 bibenti.

294 1616 399 1648 multa
414 1616 514 1648 fidem
531 1617 695 1659 promissa
711 1616 834 1655 levant,
856 1617 915 1648 ubi
931 1618 1062 1660 plenius
1077 1629 1184 1662 aequo
1285 1634 1317 1652 ιο

294 1667 407 1700 laudat
423 1669 548 1700 venalis
565 1669 621 1710 qui
640 1668 708 1700 volt
726 1669 900 1701 extrudere
917 1680 1053 1703 merces.

296 1730 347 1751 res
362 1725 478 1761 urguet
493 1730 546 1751 me
563 1720 654 1751 nulla
668 1731 678 1758 ς
703 1731 779 1752 meo
796 1731 869 1752 sum
885 1732 1013 1764 pauper
1027 1722 1063 1754 in
1077 1733 1163 1756 aere.

296 1782 394 1802 nemo
410 1771 473 1804 hoc
489 1782 695 1813 mangonum
712 1771 833 1804 faceret
849 1772 910 1804 tibi
926 1785 934 1805 :
957 1784 1026 1806 non
1041 1779 1166 1807 temere
1181 1785 1202 1806 a
1217 1785 1272 1806 me

296 1823 403 1865 quivis
418 1823 514 1855 ferret
532 1823 632 1855 idem.
684 1823 786 1856 semel
802 1824 858 1856 hic
874 1826 1014 1858 cessavit
1030 1830 1073 1865 et,
1091 1831 1128 1858 ut
1144 1826 1193 1866 fit,

295 1875 330 1906 in
346 1875 441 1906 scalis
456 1874 551 1906 latuit
569 1880 722 1907 metuens
736 1875 913 1917 pendentis
928 1876 1078 1910 habenae
1095 1888 1104 1910 ι

297 1927 355 1958 des
372 1936 534 1964 numium,
558 1932 696 1968 excepta
713 1927 797 1958 nihil
813 1932 845 1959 te
861 1927 888 1959 si
905 1927 983 1970 suga
997 1928 1114 1962 laedit:
1127 1927 1137 1944 '

1395 1925 1404 1943 m
