1458 2315
224 847 319 892 DE
369 847 566 892 ARTE
620 846 950 893 POETICA.

173 1006 356 1041 UMANO
372 1007 474 1051 capiti
491 1008 653 1041 cervicem
670 1008 779 1051 pictor
795 1009 953 1052 equinam

195 1060 333 1102 iungere
348 1060 375 1092 si
392 1060 473 1092 velit
491 1066 523 1092 et
541 1061 649 1093 varias
667 1061 823 1093 inducere
840 1062 972 1104 plumas

63 1111 215 1154 undique
230 1112 362 1144 collatis
378 1113 547 1151 membris,
568 1118 603 1145 ut
622 1113 762 1155 turpiter
779 1118 887 1145 atrum

64 1163 195 1197 desinat
212 1163 247 1196 in
263 1165 389 1207 piscem
407 1165 527 1197 mulier
544 1165 690 1197 formosa
706 1175 858 1208 superne,

63 1221 252 1259 spectatum
268 1217 406 1249 admissi
423 1217 523 1249 risum
542 1217 694 1256 teneatis,
714 1217 840 1250 amici?

62 1269 200 1308 credite,
222 1269 373 1308 Pisones,
395 1269 448 1302 isti
466 1269 599 1302 tabulae
617 1269 686 1302 sore
704 1269 825 1301 librum

63 1320 280 1364 persimilem,
299 1322 394 1354 cuius
410 1321 502 1354 velut
518 1322 608 1364 aegri
626 1322 757 1354 somnia
773 1332 879 1354 vanae

63 1373 232 1417 fingentur
247 1374 386 1417 species,
407 1379 444 1406 ut
460 1385 521 1407 nec
539 1385 598 1417 pes
614 1385 675 1406 nec
693 1379 793 1417 caput
810 1374 867 1406 uni

63 1426 222 1459 reddatur
237 1425 374 1459 formae.
430 1427 438 1443 ‘
449 1427 633 1470 pictoribus
650 1432 750 1469 atque
767 1426 875 1469 poetis

62 1479 229 1522 quidlibet
245 1478 391 1512 audendi
409 1490 541 1522 semper
558 1479 618 1511 suit
635 1490 741 1521 aequa
759 1477 932 1522 potestas.'
1064 1494 1097 1512 ιο

62 1531 196 1571 scimus,
214 1537 247 1564 et
259 1531 346 1564 hanc
361 1532 492 1564 veniam
507 1532 717 1573 petimusque
731 1531 915 1573 damusque
930 1531 1094 1572 vicissim;

62 1583 122 1617 sed
139 1595 207 1617 non
223 1589 260 1617 ut
278 1583 419 1626 placidis
437 1589 555 1616 coeant
574 1583 724 1621 immitia,
745 1594 812 1614 non
831 1589 865 1615 ut

62 1641 235 1680 serpentes
252 1637 369 1668 avibus
388 1635 611 1678 geminentur,
634 1635 774 1676 tigribus
791 1635 877 1676 agui.

63 1687 205 1732 inceptis
220 1688 378 1732 gravibus
398 1687 595 1730 plerumque
613 1692 644 1718 ct
665 1697 784 1727 magna
803 1686 958 1728 professis

62 1750 258 1784 purpureus,
280 1740 348 1773 late
364 1740 420 1782 qui
441 1739 626 1782 splendeat,
651 1749 735 1770 unus
752 1744 784 1770 et
802 1738 884 1770 alter

61 1793 212 1827 adsuitur
228 1804 369 1837 pannus,
389 1803 465 1824 cum
486 1791 578 1823 lucus
595 1796 626 1822 ct
645 1802 700 1822 ara
721 1791 850 1822 Dianae

61 1849 96 1879 et
110 1845 320 1889 properantis
337 1855 444 1888 aquae
463 1855 520 1887 per
539 1853 700 1875 amoenos
718 1842 863 1875 ambitus
879 1853 985 1885 agros,

62 1903 120 1931 aut
136 1897 260 1931 flumen
279 1897 435 1930 Rhenum
453 1901 509 1928 aut
529 1895 661 1938 pluvius
680 1894 880 1927 describitur
897 1906 1000 1929 arcus,

62 1949 123 1983 sed
137 1959 226 1984 nunc
242 1960 311 1983 non
326 1955 396 1983 erat
414 1949 465 1982 his
481 1948 582 1981 locus.
636 1953 668 1981 et
687 1946 825 1980 sortasse
842 1957 1035 1991 cupressum
