1458 2315
57 123 154 165 x111.]

323 124 599 156 CARMJNUM
623 125 767 156 LIBER
794 126 841 156 ll.

191 199 276 244 quid
291 200 434 244 quisque
449 200 532 233 vitet
549 211 736 244 numquam
752 201 884 234 homini
900 201 982 235 satis

193 258 330 287 cautum
345 259 395 286 est
412 254 448 285 iu
463 247 574 286 hortis.
624 254 740 286 navita
754 254 946 297 Bosporum

237 307 372 339 Poenus
388 306 613 348 perhorrescit
629 317 740 349 neque
756 307 844 340 ultra

282 369 383 392 caeca
401 359 496 391 timet
513 359 650 392 aliunde
667 359 735 392 fata
747 371 757 399 ;

193 462 292 495 miles
309 462 448 506 sagittas
465 468 498 495 et
515 463 659 496 celerem
678 462 791 506 sugam

195 515 325 555 Parthi,
341 522 478 548 catenas
496 515 640 548 Parthus
657 521 690 549 et
709 517 834 549 Italum

238 568 342 601 robur
358 580 366 600 z
390 568 450 600 sed
466 568 651 611 improvisa
666 568 726 601 leti

283 621 333 653 vis
350 621 462 663 rapuit
478 621 654 664 rapietque
671 621 789 664 gentis.

192 735 296 768 quam
312 734 420 767 paene
436 724 553 756 furvae
570 735 674 767 regna
692 725 914 768 Proserpinae

193 783 229 812 et
243 777 451 810 iudicantem
465 777 612 810 vidimus
629 777 795 818 Aeacum,

239 831 402 874 sedesque
419 831 580 863 discretas
596 830 731 873 piorum
747 836 781 864 et

283 883 415 917 Aeoliis
430 883 552 916 fidibus
568 889 766 926 querentem

197 987 339 1031 Sappho
356 987 478 1031 puellis
495 986 537 1020 de
554 987 786 1031 popularibus,

196 1045 230 1075 et
246 1045 279 1073 te
295 1045 474 1073 sonantem
491 1040 623 1083 plenius
640 1052 754 1082 aureo,

241 1093 380 1132 Alcaee,
401 1093 531 1136 plectro
548 1093 632 1125 dura
648 1094 755 1133 navis,

285 1145 371 1178 dura
385 1145 485 1188 fugae
501 1145 603 1186 mala,
623 1147 708 1179 dura
723 1146 815 1180 belli.

195 1246 376 1284 utrumque
393 1251 487 1273 sacro
504 1240 608 1283 digna
625 1241 760 1274 silentio

136 1303 139 1307 '
196 1295 361 1327 mirantur
376 1294 517 1325 umbrae
533 1293 644 1326 dicere
659 1305 668 1333 ;
692 1294 751 1326 sed
768 1294 875 1337 magis

240 1357 372 1390 pugnas
388 1350 422 1379 et
438 1351 574 1378 exactos
589 1350 750 1387 tyrannos

286 1400 430 1432 densum
448 1399 571 1432 umeris
588 1399 675 1431 bibit
692 1410 771 1433 aure
789 1399 917 1443 volgus.

195 1504 279 1547 quid
295 1504 429 1543 mirum,
452 1503 509 1535 ubi
528 1502 594 1535 illis
611 1503 817 1536 carminibus
835 1507 972 1547 stupens

196 1557 346 1591 demittit
362 1562 452 1589 atras
469 1556 570 1589 belua
586 1556 756 1599 centiceps

241 1610 330 1643 auris
347 1615 379 1642 et
397 1609 513 1642 intorti
530 1609 662 1651 capillis

287 1662 518 1695 Eumenidum
537 1665 728 1694 recreantur
743 1663 895 1704 angues?

197 1766 281 1810 quin
296 1771 329 1799 et
347 1766 570 1799 Prometheus
587 1770 620 1799 et
638 1766 774 1809 Pelopis
790 1777 912 1810 parens

195 1818 289 1852 dulci
306 1819 461 1852 laborum
478 1819 644 1862 decipitur
661 1830 755 1859 sono,

241 1883 305 1906 nec
321 1876 413 1905 curat
432 1872 541 1905 Orion
558 1873 672 1905 leones

287 1931 343 1958 aut
361 1925 498 1958 timidos
515 1926 642 1967 agitare
659 1926 783 1968 lyncas.

1066 135 1104 166 53

1074 638 1107 655 20

1075 1312 1109 1335 30

1072 1941 1106 1965 40
