1410 2283
284 144 344 174 242
573 135 608 173 Q.
641 132 771 164 HORA
781 132 831 162 TI
854 131 1024 162 FLACCI
1232 129 1306 171 [vu.

286 209 367 242 vilia
383 208 585 241 vendentem
602 207 750 239 tunicato
767 210 876 239 scruta
890 205 1028 249 popello

285 267 427 304 occupat
444 266 475 292 et
493 261 618 292 salvere
636 259 727 291 iubet
744 259 844 305 prior.
895 258 950 290 ille
969 257 1128 300 Philippo

265 311 270 317 ’
288 324 443 346 excusare
460 313 608 344 laborem
626 317 658 344 et
675 311 902 343 mercennaria
918 310 1038 348 vincla,

287 366 378 408 quod
395 376 461 396 non
479 375 578 396 mane
594 365 734 395 domum
752 363 907 401 venisset,
927 362 1075 405 denique
1092 361 1183 405 quod
1201 371 1268 393 non

289 417 487 460 providisset
505 427 590 448 eum.
646 416 711 447 ‘sic
729 415 895 457 ignovisse
913 418 1030 457 putato

291 481 344 502 me
361 470 432 507 tibi,
453 469 479 500 si
497 479 595 501 cenas
610 468 712 500 hodie
729 466 887 500 mecum.’
930 468 938 483 ⁸
950 472 985 499 ut
1003 465 1110 499 libet.’
1150 468 1159 484 ⁶
1171 476 1251 508 ergo
1283 480 1317 505 ⁷0

292 527 366 565 post
383 532 507 553 nonam
523 522 636 553 venies
651 533 658 553 :
683 531 771 552 nunc
789 520 809 558 i,
830 531 899 552 rem
917 524 1068 551 strenuus
1084 517 1194 561 auge.'

291 581 325 606 ut
343 580 478 606 ventum
495 574 537 605 ad
555 583 670 605 cenam
689 578 748 611 est,
768 571 913 604 dicenda
929 571 1070 604 tacenda
1086 571 1218 604 locutus

293 627 427 658 tandem
445 626 626 657 dormitum
643 625 830 656 dimittitur.
881 623 937 656 hie
952 623 1010 655 ubi
1027 633 1127 666 saepe

293 678 458 710 occultum
474 678 563 709 visus
580 677 753 709 decurrere
770 676 870 719 piscis
885 676 927 707 ad
945 675 1093 714 hamum,

295 741 390 762 mane
407 730 511 762 cliens
528 734 559 760 et
578 729 642 760 iam
661 735 769 760 certus
784 727 938 766 conviva,
959 727 1091 759 iubetur

291 793 368 814 rura
384 781 575 813 suburbana
589 781 722 811 indictis
739 790 851 811 comes
867 779 914 811 ire
932 779 1072 811 Latinis.

293 834 458 876 inpositus
474 833 604 864 mannis
619 842 734 863 armm
752 831 947 872 caelumque
965 830 1128 862 Sabinum

294 896 362 918 non
379 890 483 917 cessat
500 884 645 916 laudare.
696 883 786 914 videt
804 883 956 924 ridetque
974 882 1162 925 Philippus,

295 944 328 970 et
345 937 408 969 sibi
425 937 505 968 dum
523 936 681 978 requiem,
703 935 784 966 dum
802 935 885 966 risus
902 934 1049 977 undique
1066 934 1205 976 quaerit,

295 990 375 1022 dum
393 994 520 1031 septem
537 988 639 1019 donat
658 987 818 1025 sestertia,
839 992 955 1018 mutua
970 992 1099 1028 septem
1287 992 1321 1018 80

296 1042 470 1084 promittit,
491 1040 667 1082 persuadet
685 1039 733 1070 uti
750 1043 913 1070 mercetur
929 1038 1085 1080 agellum.

297 1099 469 1125 mercatur.
516 1102 557 1123 ne
574 1096 605 1123 te
622 1091 731 1133 longis
747 1090 945 1132 ambagibus
961 1090 1048 1122 ultra

298 1156 398 1188 quarn
415 1144 495 1176 satis
511 1148 560 1174 est
577 1153 696 1181 morer,
716 1153 756 1174 ex
773 1142 882 1174 nitido
899 1141 935 1174 fit
952 1142 1094 1174 rusticus
1109 1146 1212 1185 atque

297 1197 406 1229 sulcos
423 1201 454 1228 et
471 1196 583 1227 vineta
599 1200 713 1237 crepat
730 1205 830 1233 mera,
852 1198 1030 1237 praeparat
1045 1194 1165 1233 ulmos,

300 1249 490 1281 immoritur
506 1247 624 1279 studiis
641 1252 674 1279 et
693 1257 806 1279 amore
822 1247 964 1279 senescit
979 1246 1136 1279 habendi.

299 1311 414 1333 verum
430 1300 487 1332 ubi
504 1310 583 1332 oves
601 1299 699 1337 furto,
720 1299 839 1331 morbo
852 1298 980 1341 periere
997 1297 1158 1341 capellae,

299 1363 392 1395 spem
410 1352 551 1385 mentita
567 1362 669 1393 seges,
690 1351 752 1383 bos
768 1355 817 1383 est
833 1355 968 1383 enectus
984 1350 1122 1390 arando,

301 1405 445 1437 offensus
462 1404 594 1435 damnis
612 1403 722 1435 media
739 1403 782 1436 de
798 1407 896 1435 nocte
912 1402 1082 1435 caballum

301 1457 416 1498 arripit
433 1456 600 1497 iratusque
619 1455 767 1497 Philippi
784 1455 891 1487 tendit
907 1454 950 1486 ad
967 1453 1069 1486 aedis.

302 1519 401 1551 quem
419 1507 517 1539 simul
534 1507 686 1549 adspexit
703 1507 858 1539 scabrum
876 1506 1115 1548 intonsumque
1132 1505 1320 1549 Philippus,

305 1562 314 1576 ‘
326 1561 426 1592 durus
440 1558 447 1572 '
464 1560 520 1598 ait,
547 1561 555 1575 ‘
567 1559 691 1597 Voltei‚
713 1558 812 1590 nimis
828 1563 1049 1600 attentusque
1062 1558 1184 1590 videris
1289 1572 1321 1600 91

302 1623 373 1643 esse
390 1610 498 1643 mihi.'
549 1612 557 1627 ‘
569 1612 626 1653 pol
643 1621 696 1643 me
712 1610 880 1648 miserum,
901 1615 1052 1652 patrone,
1072 1620 1221 1649 vocares,

303 1664 329 1695 si
346 1664 449 1696 velles
460 1663 467 1676 '
485 1663 592 1705 inquit
614 1665 622 1679 ‘
633 1673 748 1695 verum
764 1662 846 1694 mihi
862 1672 986 1704 ponere
1003 1673 1137 1695 nomen.

304 1716 396 1757 quod
412 1720 443 1747 te
461 1726 519 1757 per
537 1715 682 1747 Genium
699 1715 920 1756 dextramque
936 1715 1086 1758 deosque
1103 1713 1239 1747 Penatis

304 1768 443 1799 obsecro
458 1773 491 1799 et
507 1767 666 1806 obtestor,
687 1767 774 1799 vitae
789 1777 844 1799 me
860 1767 964 1800 redde
979 1765 1109 1810 priori.'

305 1819 362 1861 qui
378 1819 479 1850 semel
495 1819 647 1861 adspexit
663 1824 826 1861 quantum
842 1819 981 1852 dimissa
996 1819 1110 1862 petitis

305 1875 481 1912 praestent,
502 1876 629 1903 mature
646 1871 759 1903 redeat
776 1876 973 1914 repetatque
988 1871 1115 1904 relicta.

308 1922 417 1954 metiri
435 1933 469 1954 se
487 1933 653 1965 quemque
671 1933 731 1955 suo
748 1923 888 1955 modulo
903 1933 942 1956 ac
958 1923 1044 1966 pede
1060 1932 1175 1955 verum
1191 1925 1253 1954 est.

1388 1982 1410 2024 ⁷1

1391 2039 1410 2058 Η
