1458 2315
121 133 190 175 XL]
340 133 703 165 EPISTULARUM
725 133 870 164 LIBER
898 135 926 166 Ι.
1095 144 1155 175 245

121 209 244 243 certius
258 209 403 253 accipiet
417 209 580 243 damnum
595 209 777 253 propiusve
792 210 950 243 medullis

121 272 225 305 quam
240 262 299 305 qui
314 273 385 294 non
400 262 526 305 poterit
542 273 622 295 vero
637 262 845 306 distinguere
862 263 997 296 falsum.

121 325 225 358 quem
240 325 293 348 res
308 315 385 358 plus
400 315 507 347 nimio
522 315 733 348 delectavere
749 315 930 355 secundae,
1125 331 1159 355 30

122 371 273 400 mutatae
288 368 451 410 quatient.
500 367 612 410 siquid
625 368 804 407 mirabere,
825 379 934 411 pones

122 419 258 453 invitus.
307 420 386 463 fuge
402 431 527 463 magna
543 432 550 452 :
574 420 653 453 licet
670 421 732 453 sub
748 431 896 464 paupere
911 425 1002 454 tecto

122 483 218 515 reges
235 477 268 506 et
283 484 401 516 regum
417 474 487 506 vita
503 484 716 516 praecurrere
733 473 870 506 amicos.

123 536 241 558 cervus
255 536 379 568 equum
396 536 510 569 pugna
525 526 645 558 melior
660 526 895 559 communibus
910 525 1024 559 herbis

123 577 285 621 pellebat,
299 578 409 611 donec
425 579 535 611 minor
551 578 586 610 in
602 579 785 611 certamine
801 578 905 621 longo

123 630 319 674 imploravit
335 642 418 674 opes
432 631 581 663 hominis
597 631 795 674 frenumque
810 632 948 674 recepit.

125 683 186 716 sed
202 687 384 726 postquam
401 684 492 716 victo
509 684 622 716 ridens
638 684 793 716 discessit
809 685 852 716 ab
869 684 976 724 hoste,

125 746 196 768 non
212 736 362 779 equitem
379 736 491 776 dorso,
511 746 579 768 non
597 736 728 769 frenum
744 737 875 780 depulit
891 747 960 769 ore.

125 788 173 821 sic
189 789 247 832 qui
261 789 456 832 pauperiem
472 789 597 822 veritus
613 789 745 832 potiore
760 789 906 822 metallis

123 841 282 874 libertate
298 846 400 882 caret,
420 842 597 875 do'minum
613 842 713 875 vehet
730 842 904 885 improbus
921 847 1022 886 atque
1126 858 1162 882 40

125 894 247 928 serviet
262 899 448 934 aeternum,
469 895 550 938 quia
565 906 672 938 parvo
689 895 816 928 nesciet
832 895 893 927 uti.

125 947 179 980 cui
195 958 265 980 non
280 948 459 981 conveniet
475 958 536 980 sua
551 958 614 987 res,
635 953 671 980 ut
687 948 819 980 calceus
830 948 924 986 olim,

125 1000 153 1032 si
170 999 257 1043 pede
272 1000 380 1033 maior
395 1000 468 1039 erit,
488 1001 669 1039 subvertet,
689 1000 716 1033 si
733 1001 852 1040 minor,
874 1005 957 1033 uret.

95 1046 101 1053 ’
126 1052 234 1086 laetus
250 1057 340 1085 sorte
356 1058 413 1085 tua
430 1053 523 1086 vives
540 1053 718 1095 sapienter,
739 1053 856 1092 Aristi,

126 1115 188 1137 nec
206 1116 261 1138 me
276 1105 427 1138 dimittes
442 1105 691 1147 incastigatum‚
713 1105 770 1137 ubi
788 1105 885 1147 plura

126 1168 247 1200 cogere
264 1168 365 1200 quam
382 1157 463 1190 satis
475 1163 525 1190 est
540 1167 580 1189 ac
596 1167 664 1189 non
681 1168 810 1190 cessare
826 1157 978 1190 videbor.

127 1210 270 1253 imperat
286 1215 343 1242 aut
359 1210 460 1243 serw't
474 1209 616 1242 collecta
631 1210 775 1252 pecunia
790 1210 921 1252 cuique,

126 1267 252 1297 tortum
269 1263 374 1305 digna
389 1263 482 1305 sequi
500 1262 611 1305 potius
627 1273 728 1304 quam
745 1262 867 1295 ducere
883 1262 1007 1295 sunem.

126 1314 211 1348 haec
227 1315 289 1348 tibi
305 1315 476 1348 dictabam
493 1321 569 1358 post
586 1315 700 1346 sanum
718 1320 815 1358 putre
832 1315 1002 1355 Vacunae,

127 1372 270 1411 excepto
287 1368 378 1411 quod
395 1378 463 1400 non
481 1367 581 1400 simul
598 1378 701 1407 esses,
721 1373 832 1400 cetera
849 1367 969 1400 lactus.
1129 1383 1164 1407 50

128 1581 196 1615 XI.
322 1581 413 1615 UID
427 1582 488 1614 tibi
500 1583 571 1615 visa
580 1582 694 1620 Chios,
710 1581 846 1620 Bullati,
861 1586 1008 1623 notaque
1020 1581 1161 1621 Lesbos,

342 1634 424 1677 quid
448 1635 615 1667 concinna
647 1636 778 1674 Samos,
807 1634 890 1676 quid
921 1634 1039 1667 Croesi
1072 1635 1165 1677 regia

422 1687 548 1726 Sardis,

131 1739 276 1783 Smyrna
290 1740 371 1783 quid
389 1744 423 1773 et
439 1739 647 1782 Colophon?
670 1738 798 1770 maiora
815 1738 988 1770 minorane
1006 1737 1120 1771 sama?

131 1798 296 1826 cunctane
313 1803 394 1836 prae
411 1793 546 1834 Campo
563 1796 595 1824 et
612 1791 776 1823 Tiberino
794 1790 932 1823 flumine
950 1790 1099 1831 sordent,

130 1855 174 1878 an
189 1845 282 1878 venit
297 1846 333 1878 in
348 1851 464 1878 votum
482 1844 641 1877 Attalicis
658 1855 698 1876 ex
715 1843 853 1876 urbibus
869 1854 945 1882 una,

129 1908 173 1931 an
193 1898 368 1931 Lebedum
386 1898 503 1930 laudas
519 1897 600 1930 odio
617 1897 717 1929 maris
734 1901 834 1939 atque
851 1896 978 1928 viarum
989 1897 1004 1928 ?

131 1950 198 1984 scis
214 1950 372 1984 Lebedus
389 1951 469 1994 quid
489 1951 541 1984 sit.
594 1951 714 1984 Gabiis
731 1949 894 1982 desertior
909 1954 1010 1991 atque
