1410 2283
243 132 285 170 46

242 649 324 682 VII.

531 132 567 169 Q.
598 131 729 161 HORA
738 131 789 161 TI
810 131 899 162 FLA
905 132 934 162 C
934 132 982 163 c!
1201 132 1253 174 [Vl

463 204 518 236 ille
535 210 566 236 te
584 215 715 237 mecum
731 205 823 237 locus
838 209 870 238 et
886 205 1007 239 beatae

463 256 632 298 postulant
649 267 761 295 arces3
786 257 831 289 ibi
850 263 885 290 tu
901 257 1066 291 calentem

464 308 577 341 debita
593 319 728 351 sparges
745 309 882 342 lacrima
897 310 1046 343 favillam

637 361 722 394 vatis
739 362 848 394 amici.

515 650 669 683 SAEPE
687 661 816 683 mecum
834 655 966 694 tempus
983 651 1016 684 in
1033 651 1188 685 ultimum

513 703 656 735 deducte
674 703 778 734 Bmto
795 703 935 736 militiae
951 704 1046 743 duce,

460 754 534 796 quis
551 758 583 786 te
600 754 775 786 redonavit
793 755 962 796 Quiritem

503 806 555 837 dis
572 806 688 848 patriis·
706 806 861 849 Italoque
878 807 984 846 caelo,

418 925 568 967 Pompei,
589 935 739 957 meorum
755 926 862 967 prime
878 926 1045 959 sodalium
1056 927 1072 959 ?

416 987 492 1009 cum
510 987 577 1018 quo
593 983 778 1009 morantem
794 988 892 1020 saepe
908 979 998 1011 diem
1014 989 1107 1012 mero

460 1028 542 1070 fregi
560 1034 735 1060 coronatus
753 1029 889 1062 nitentis

503 1080 716 1112 malobathro
734 1080 832 1123 Syrio
848 1081 1000 1124 capillos.

417 1203 527 1231 tecum
546 1198 720 1241 Philippos
736 1204 768 1231 et
784 1199 926 1232 celerem
943 1200 1056 1243 sugam

418 1251 515 1289 sensi,
536 1251 651 1282 relicta
667 1261 736 1283 non
752 1251 838 1284 bene
853 1253 1017 1294 parmula,
1230 1269 1262 1286 ιο

461 1313 536 1335 cum
553 1303 656 1334 fracta
671 1303 784 1341 virtus,
804 1308 837 1335 et
852 1304 999 1337 minaces

506 1359 602 1397 turpe
619 1355 726 1387 solum
743 1355 881 1397 tetigere
897 1360 1021 1389 mento.

419 1472 477 1504 sed
493 1482 546 1504 me
562 1483 622 1514 per
637 1472 742 1505 hostis
758 1473 944 1505 Mercurius
960 1473 1049 1506 celer

419 1524 524 1556 denso
541 1529 719 1566 paventem
736 1524 869 1556 sustulit
885 1535 960 1557 aere
969 1535 980 1565 3

463 1581 498 1608 te
513 1587 623 1608 rursus
639 1577 674 1608 in
689 1575 817 1608 bellum
832 1577 1007 1609 resorbens

505 1627 596 1659 unda
612 1627 703 1660 fretis
720 1628 795 1660 tulit
812 1628 985 1661 aestuosis.

421 1753 500 1785 ergo
516 1744 700 1786 obligatam
717 1745 820 1777 redde
836 1745 910 1778 Iovi
926 1745 1061 1789 dapem,

421 1794 586 1837 longaque
603 1796 726 1828 sessum
741 1796 862 1828 militia
877 1797 965 1830 latus

464 1846 595 1888 depone
611 1848 673 1879 sub
689 1847 782 1880 lauru
797 1858 884 1886 mea,
903 1859 967 1882 nec

507 1907 607 1939 parce
623 1898 714 1931 cadis
729 1899 791 1931 tibi
807 1899 991 1933 destinatis.
1228 1915 1264 1934 πο
