1426 2315
391 142 460 173 DE
488 142 624 173 ARTE
652 141 875 174 POETICA.
1095 152 1154 182 291

113 219 224 254 dictus
240 219 286 253 ob
300 219 368 253 hoc
382 219 488 253 lenire
504 219 599 263 tigris
614 219 819 262 rabidosque
835 218 961 252 leones.

113 273 225 306 dictus
240 277 274 305 et
289 273 477 316 Amphion,
498 273 684 305 Thebanae
701 273 857 305 conditor
873 273 977 312 urbis,

114 336 196 359 saxa
212 336 348 359 movere
364 336 448 358 sono
464 326 643 358 testudinis
660 331 693 358 et
710 336 810 368 prece
825 325 955 358 blanda

113 379 236 412 ducere
253 389 321 422 quo
337 378 451 411 vellet.
502 378 564 410 fuit
581 379 666 410 haec
683 379 850 421 sapientia
867 378 1053 421 quondam,

113 431 250 474 publica
265 431 405 474 privatis
422 441 606 470 secernere,
628 442 721 463 saera
737 431 898 473 profanis,

112 483 295 517 concubitu
311 483 493 526 prohibere
511 494 609 525 vago,
630 483 710 515 dare
728 483 800 515 iura
816 482 957 524 maritis,

113 536 242 580 oppida
257 536 381 575 moliri,
401 535 493 579 leges
511 536 659 568 incidere
676 536 780 578 ligno.

111 589 160 622 sic
175 589 284 622 honor
300 593 333 621 et
350 600 474 622 nomen
491 589 616 622 divinis
634 589 766 621 vatibus
783 593 885 631 atque
1104 604 1157 628 400

113 642 322 675 carminibus
337 642 442 674 venit.
488 647 566 685 post
584 641 646 674 hos
663 642 804 684 insignis
822 642 997 675 Homerus

113 696 351 738 Tyrtaeusque
368 705 477 727 mares
494 695 626 727 animos
643 694 679 726 in
696 695 822 726 Martia
839 695 930 728 bella

112 748 264 781 versibus
279 747 411 781 exacuit
431 759 437 780 :
461 747 572 780 dictae
588 758 650 790 per
666 747 816 780 carmina
831 753 948 788 sortes,

111 807 146 834 et
161 802 251 834 vitae
267 804 455 833 monstrata
469 800 525 833 via
541 806 603 840 est,
624 805 656 833 et
673 801 783 843 gratia
796 811 914 844 regum

112 854 231 888 Pieriis
247 858 412 897 temptata
430 853 553 892 modis,
574 852 741 896 ludusque
757 859 910 897 repertus

109 912 144 941 et
160 907 340 951 longorum
357 917 499 950 operum
517 906 593 939 finis
609 919 619 947 ;
643 918 686 940 ne
703 907 789 940 sorte
806 907 929 950 pudori

110 960 154 994 sit
169 960 234 994 tibi
250 960 351 994 Musa
365 960 458 1002 lyrae
476 959 595 993 sollers
610 964 643 993 et
659 963 778 993 cantor
794 960 934 1003 Apollo.

109 1017 231 1046 natura
247 1013 341 1046 fieret
357 1012 530 1046 laudabile
546 1024 683 1046 carmen
699 1024 742 1045 an
758 1017 840 1053 arte,

97 1066 302 1109 .quaesitum
319 1071 378 1099 est.
426 1077 491 1108 ego
508 1077 571 1099 nec
587 1067 736 1099 studium
753 1066 824 1099 sine
840 1066 948 1099 divite
963 1077 1061 1107 vena,

109 1129 174 1152 nec
189 1119 272 1151 rude
289 1119 371 1162 quid
387 1120 495 1162 possit
512 1120 612 1152 video
629 1119 803 1162 ingenium
821 1132 828 1151 :
852 1119 990 1153 alterius
1006 1120 1055 1154 sic
1102 1135 1156 1161 410

110 1172 218 1205 altera
234 1172 344 1215 poscit
357 1183 459 1215 opem
473 1183 526 1204 res
541 1177 574 1204 et
590 1172 745 1204 coniurat
762 1172 882 1205 amice.

109 1225 169 1268 qui
185 1225 297 1258 studet
314 1230 467 1268 optatam
484 1235 582 1257 cursu
597 1224 792 1267 contingere
810 1230 946 1266 metam,

110 1278 219 1311 multa
234 1277 312 1310 tulit
329 1277 475 1321 fecitque
492 1288 587 1321 puer,
607 1279 741 1310 sudavit
758 1282 791 1311 et
808 1278 896 1319 alsit,

109 1332 274 1365 abstinuit
291 1342 412 1364 venere
429 1336 462 1364 et
478 1332 558 1364 vino
573 1342 582 1370 ;
607 1326 665 1374 qui
681 1332 803 1374 Pythia
820 1336 933 1364 cantat

109 1385 248 1425 tibicen,
268 1384 387 1417 didicit
404 1384 496 1427 prius
513 1385 734 1427 extimuitque
749 1385 958 1428 magistrum.

110 1449 174 1471 nec
190 1438 270 1470 satis
286 1442 336 1471 est
353 1438 480 1470 dixisse
499 1437 508 1453 ‘
522 1448 587 1480 ego
603 1437 689 1470 mira
707 1443 865 1480 poemata
881 1449 994 1481 pango
1009 1451 1018 1472 ε

110 1495 252 1534 occupet
268 1496 455 1524 extremum
473 1491 603 1524 scabies
619 1503 627 1524 :
652 1491 734 1523 mihi
752 1496 848 1533 turpe
866 1491 1020 1534 relinqui,

111 1548 144 1577 et
161 1545 251 1587 quod
269 1555 338 1577 non
353 1545 457 1577 didici
475 1554 555 1577 sane
571 1544 699 1576 nescire
717 1543 839 1576 fateri.’

110 1601 148 1628 ut
163 1607 296 1640 praem,
318 1597 361 1629 ad
378 1608 505 1630 merces
522 1597 657 1630 turbam
676 1597 733 1639 qui
751 1597 841 1638 cogit
860 1596 1030 1636 emendas,

110 1655 334 1683 assentatores
351 1651 444 1683 iubet
461 1651 502 1683 ad
520 1650 649 1683 lucrum
667 1650 713 1682 ire
731 1654 831 1692 poeta.
1102 1664 1156 1691 4²0

110 1702 206 1735 dives
222 1703 321 1746 agris,
342 1703 436 1735 dives
452 1703 571 1745 positis
589 1703 623 1734 in
643 1702 755 1734 fenore
772 1702 929 1734 nummis.

111 1755 140 1787 si
159 1766 239 1788 vero
256 1761 316 1795 est,
337 1760 476 1788 unctum
493 1756 551 1798 qui
569 1760 660 1787 recte
678 1766 804 1797 ponere
822 1755 926 1797 possit

111 1810 146 1840 et
162 1808 327 1851 spondere
342 1808 409 1840 levi
426 1818 487 1850 pro
504 1818 650 1850 paupere
668 1812 699 1839 et
717 1807 846 1850 eripere
863 1807 943 1839 atris

111 1858 229 1894 litibus
244 1861 460 1904 implicitum,
477 1860 626 1892 mirabor
642 1860 668 1892 si
686 1861 767 1893 sciet
786 1861 872 1893 inter

112 1923 251 1947 noscere
267 1914 464 1947 mendacem
481 1924 663 1955 verumque
680 1914 798 1946 beatus
812 1914 968 1948 amicum.

113 1970 150 2001 tu
166 1978 224 2000 seu
240 1967 376 2001 donaris
393 1977 451 2000 seu
467 1966 550 2011 quid
567 1966 694 2000 donare
712 1966 804 2001 voles
820 1967 885 2007 cui,
