1410 2283
266 140 322 169 172
555 133 590 170 ρ.
623 131 753 162 HORA
763 132 813 162 T!
836 131 1006 163 FLACCI
1225 131 1286 173 [ιν.

265 206 300 237 di
319 206 404 238 bene
422 205 567 238 fecerunt
587 206 696 248 inopis
713 216 767 238 me
783 206 941 249 quodque
955 205 1068 248 pusilli

268 258 431 290 finxerunt
450 258 565 295 animi,
588 269 660 290 raro
678 264 710 290 ct
728 269 896 300 perpauca
909 258 1098 301 loquentis:

267 316 300 341 at
319 316 352 341 tu
370 311 543 342 conclusas
562 310 699 342 hircinis
716 305 853 342 follibus
869 320 977 348 auras,

267 372 370 404 usque
388 361 570 393 laborantis
587 363 667 393 dum
685 362 806 394 ferrum
824 362 951 394 molliat
969 361 1065 403 ignis,
1258 377 1291 394 20

268 419 302 444 ut
321 414 436 453 mavis,
459 414 598 446 imitare.
647 415 762 446 beatus
782 414 929 446 Fannius
944 413 1032 446 ultro

269 465 389 497 delatis
405 467 514 507 capsis
531 472 563 498 et
582 467 727 508 imagine
742 479 751 505 ;
775 477 851 498 cum
868 477 943 498 mea
959 475 1060 498 nemo

268 518 390 559 scripta
408 517 505 560 legat,
527 518 627 559 volgo
646 519 782 550 recitare
801 518 949 550 timentis
966 518 1010 549 ob
1026 518 1112 549 hanc
1127 527 1208 556 rem,

267 569 358 611 quod
375 576 450 601 sunt
470 581 553 612 quos
569 581 673 612 genus
690 570 754 602 hoc
771 570 908 602 minime
929 571 1029 608 iuvat,
1050 574 1167 612 utpote
1188 569 1292 612 pluris

269 621 395 663 culpari
413 622 543 663 dignos.
589 623 742 664 quemvis
759 623 870 654 media
886 622 971 664 elige
987 621 1104 654 turba:

270 680 326 704 aut
344 674 386 704 ab
405 675 546 705 avaritia
564 680 619 705 aut
637 675 758 706 misera
774 675 958 706 ambitione
975 673 1116 706 laborat.

269 724 323 756 hic
340 732 518 767 nuptarum
536 726 657 757 insanit
674 726 854 765 amoribus,
874 726 928 758 hic
945 735 1122 768 puerorum
1138 736 1147 764 ;

271 776 358 808 hunc
375 777 462 818 capit
479 778 607 819 argenti
626 777 786 820 splendor
801 788 810 816 ;
835 782 946 819 stupet
964 777 1086 809 Albius
1101 787 1178 810 aere
1192 787 1202 816 ;

271 828 325 860 hic
344 834 449 861 mutat
467 840 593 861 merces
611 834 765 871 surgente
782 839 802 860 a
819 829 888 861 sole
905 829 948 860 ad
965 839 1041 861 eum
1059 839 1126 870 quo

272 881 460 922 vespertina
476 886 567 923 tepet
584 882 694 922 regio:
719 881 800 923 quin
816 891 876 922 per
892 880 980 912 mala
996 891 1156 923 praeceps
1262 895 1295 919 30

270 932 371 964 fertur
386 933 434 964 uti
451 932 560 974 pulvis
576 933 735 965 collectus
752 933 892 970 turbine,
913 932 1039 974 nequid

272 994 400 1015 summa
417 985 578 1026 deperdat
596 990 746 1016 metuens
763 989 819 1015 aut
834 984 972 1026 ampliet
989 989 1025 1016 ut
1044 995 1115 1017 rem
1129 996 1138 1017 ε

272 1046 387 1067 omnes
404 1036 437 1067 hi
456 1042 607 1068 metuunt
625 1046 745 1074 versus,
768 1036 869 1068 odere
886 1041 1012 1078 poetas.

276 1090 284 1103 ‘
297 1088 428 1120 faenum
447 1089 548 1121 habet
565 1089 598 1120 in
616 1099 739 1127 cornu;
756 1088 856 1130 longe
870 1087 964 1130 suge:
991 1088 1176 1121 dummodo
1193 1087 1295 1120 risum

273 1140 415 1172 excutiat
433 1141 506 1179 sibi,
527 1151 594 1172 non
613 1140 665 1172 hic
682 1141 838 1182 cuiquam
854 1146 967 1182 parcet
985 1141 1094 1173 amico
1111 1152 1121 1180 ;

274 1199 306 1224 et
323 1193 558 1234 quodcumque
576 1192 678 1224 semel
696 1192 818 1224 chartis
836 1192 989 1232 illeverst,
1011 1192 1120 1225 omnis

273 1245 391 1286 gestiet
408 1256 428 1276 a
444 1245 539 1276 furno
556 1245 724 1277 redeuntis
740 1244 822 1276 seire
841 1245 982 1287 lacuque

275 1304 307 1329 et
326 1308 444 1339 pueros
457 1303 490 1328 et
503 1296 612 1329 anus.’
658 1296 812 1338 agedum,
835 1307 943 1339 pauca
959 1296 1074 1339 accipe
1089 1300 1214 1329 contra.

274 1350 383 1392 primo
400 1360 462 1391 ego
478 1360 531 1381 me
549 1349 692 1387 illorum,
712 1348 864 1380 dederim
881 1349 1002 1391 quibus
1017 1358 1087 1380 esse
1102 1348 1221 1390 poetis,

275 1411 452 1443 excerpam
470 1411 609 1432 numero
627 1413 635 1433 ι
659 1411 768 1442 neque
786 1401 876 1433 enim
891 1400 1090 1433 concludere
1105 1409 1238 1432 versum
1267 1413 1302 1437 40

276 1454 398 1485 dixeris
415 1464 486 1486 esse
503 1453 583 1485 satis
599 1464 608 1491 ς
634 1463 742 1494 neque
760 1452 845 1495 siqui
861 1452 984 1485 scribat
1000 1452 1049 1484 uti
1064 1462 1127 1484 nos

277 1506 421 1538 sermoni
438 1505 606 1547 propiora.
629 1510 726 1547 putes
738 1505 828 1537 hunc
841 1515 911 1536 esse
927 1508 1074 1546 poetam.

278 1558 448 1600 ingenium
465 1557 517 1589 cui
534 1557 586 1595 sit,
609 1558 661 1589 cui
679 1567 772 1589 mens
788 1556 934 1588 divinior
948 1560 1048 1598 atque
1063 1565 1102 1588 os

279 1620 402 1651 magna
419 1613 624 1647 sonaturum,
646 1609 705 1641 des
721 1608 866 1640 nominis
880 1608 978 1640 huius
993 1608 1166 1640 honorem.

281 1662 404 1693 idcirco
422 1661 560 1704 quidam
579 1661 754 1693 comoedia
770 1670 873 1692 necne
890 1670 1012 1702 poema

279 1719 363 1745 esset
382 1714 588 1755 quaesivere,
609 1713 699 1755 quod
716 1723 792 1745 acer
803 1712 937 1754 spiritus
952 1722 992 1744 ac
1007 1711 1056 1744 vis

280 1775 342 1797 nec
359 1765 467 1796 verbis
484 1776 546 1797 nec
565 1766 661 1797 rebus
678 1765 774 1802 inest,
793 1764 857 1796 nisi
873 1763 964 1805 quod
979 1763 1066 1806 pede
1081 1767 1173 1796 certo

281 1817 391 1850 differt
409 1818 567 1856 sermoni,
587 1827 696 1849 sermo
709 1826 830 1848 merus.
884 1817 894 1832 ‘
905 1820 939 1847 at
956 1820 1051 1858 pater
1064 1815 1185 1848 ardens

286 1870 402 1908 saevit,
424 1870 517 1912 quod
532 1869 705 1900 meretrice
721 1878 827 1910 nepos
843 1867 978 1899 insanus
993 1867 1102 1900 amica

285 1921 374 1954 filius
393 1932 530 1954 uxorem
542 1921 661 1963 grandi
678 1930 754 1952 cum
769 1920 849 1952 dote
864 1923 1003 1959 recuset,
1273 1929 1307 1954 50

1180 2125 1410 2283 A
