1410 2283
320 132 379 169 235
599 132 634 169 Q.
666 131 796 161 ΗΘΚΛ
806 131 855 160 TI
878 131 1047 162 FLAccl
1265 132 1331 174 [ιιι.

317 205 424 247 gratia
440 205 642 248 nequiquam
658 205 726 238 coit
742 209 774 237 et
790 205 997 244 rescinditur,
1017 216 1056 238 ac
1073 216 1131 239 vos

318 268 375 290 seu
393 257 519 305 calidus
535 257 668 298 sanguis
684 267 741 289 seu
757 267 867 289 rerum
882 257 1014 289 inscitia
1030 262 1127 290 vexat

319 310 480 341 indomita
498 309 624 340 cervice
639 308 725 341 feros
737 310 752 340 ?
773 309 974 351 ubicumque
990 309 1140 342 locorum

318 361 437 399 vivitis,
459 360 586 401 indigni
604 359 785 392 fraternum
803 371 955 402 rumpere
972 360 1099 400 foedus,

317 413 463 454 pascitur
481 413 514 444 in
531 418 676 444 vestrum
688 412 830 444 reditum
846 412 958 444 votiva
974 412 1123 445 iuvenca.

319 649 381 682 IV.
493 651 582 689 LBI,
601 656 787 682 nostrorum
804 661 993 683 sermonum
1011 649 1152 682 candide
1168 649 1278 688 iudex,

513 703 591 745 quid
607 713 694 734 nunc
704 709 736 734 te
746 703 855 734 dicam
868 702 974 734 facere
987 702 1021 733 in
1032 701 1166 743 regione
1181 701 1335 734 Pedana?

317 754 458 785 scribere
475 755 563 795 quod
581 754 676 785 Cassi
692 754 879 785 Parmensis
895 753 1053 795 opuscula
1069 753 1189 793 vincat,

317 816 360 837 an
377 806 512 837 taciturn
529 806 628 837 silvas
645 806 730 837 inter
744 811 872 847 reptare
889 805 1040 843 salubris,

315 864 485 889 curantem
498 857 660 899 quidquid
673 857 813 898 dignum
829 857 978 898 sapiente
994 856 1150 898 bonoque
1166 857 1240 888 est?

316 916 382 940 non
400 914 435 940 tu
451 920 569 950 corpus
586 919 657 940 eras
675 909 744 940 sine
762 914 897 950 pectore
915 921 922 940 :
945 908 980 939 di
995 908 1054 939 tibi
1068 907 1221 948 sormam,

316 961 350 992 di
368 961 428 992 tibi
443 961 577 992 divitias
592 961 755 992 dederunt
772 965 943 1002 artemque
960 959 1100 992 fruendi.

315 1012 396 1053 quid
412 1018 530 1044 voveat
546 1012 634 1043 dulci
651 1012 814 1043 nutricula
832 1012 937 1043 maius
950 1011 1096 1055 alumno,

315 1064 371 1106 qui
387 1074 501 1105 sapere
518 1069 549 1095 et
568 1064 626 1095 fari
643 1064 746 1105 possit
764 1074 848 1105 quae
865 1064 995 1102 sentiat,
1015 1069 1047 1094 et
1063 1063 1117 1095 cui

313 1116 430 1157 gratia,
451 1116 547 1154 fama,
569 1115 724 1147 valetudo
737 1115 908 1157 contingat
925 1115 1068 1154 abunde,
1303 1130 1336 1147 10

315 1173 347 1199 et
360 1168 502 1199 mundus
519 1167 634 1205 victus,
656 1178 724 1198 non
741 1167 916 1199 deficiente
933 1177 1089 1198 crumena
1101 1167 1117 1198 ?

315 1220 400 1251 inter
415 1230 508 1262 spem
525 1230 713 1261 curamque,
736 1219 871 1250 timores
887 1219 973 1250 inter
992 1224 1025 1251 et
1041 1219 1106 1250 iras

314 1282 448 1304 omnem
465 1271 559 1304 crede
576 1271 665 1303 diem
682 1270 743 1303 tibi
760 1270 918 1302 diluxisse
931 1280 1121 1312 supremum
1139 1281 1148 1302 ε

313 1331 407 1367 grata
423 1324 631 1366 superveniet
648 1333 734 1365 quae
750 1333 818 1354 non
833 1322 1022 1365 sperabitur
1036 1322 1132 1354 hora.

314 1388 367 1408 me
384 1377 542 1419 pinguem
558 1380 589 1407 et
606 1375 749 1406 nitidum
765 1374 851 1407 bene
867 1378 980 1406 curata
995 1378 1070 1406 cute
1086 1373 1185 1412 vises,

313 1438 389 1460 cum
406 1429 511 1460 ridere
527 1427 630 1466 voles,
647 1426 785 1469 Epicuri
801 1426 844 1458 de
859 1435 959 1469 grege
974 1435 1128 1468 porcum.

313 1664 355 1698 V.
405 1665 492 1750 SI
508 1671 604 1709 potes
621 1665 795 1699 Archiacis
809 1664 951 1698 conviva
963 1661 1154 1695 recumbere
1170 1659 1266 1693 lectis

495 1729 556 1751 nec
571 1719 704 1751 modica
719 1727 838 1750 cenare
854 1717 951 1748 times
965 1714 1063 1747 holus
1078 1723 1179 1746 omne
1193 1710 1328 1755 patella,

311 1778 466 1810 supremo
483 1776 516 1804 te
532 1772 601 1804 sole
618 1771 719 1809 domi,
741 1770 923 1811 Torquate,
943 1766 1098 1799 manebo.

310 1821 388 1852 vina
402 1823 497 1855 bibes
514 1824 633 1855 iterum
651 1823 764 1853 Tauro
779 1821 900 1852 diffusa
915 1818 1072 1861 palustris
1330 1830 1347 1848 ι

310 1871 396 1905 inter
413 1876 600 1907 Minturnas
619 1875 922 1913 Sinuessanumque
938 1870 1120 1902 Petrinum.

310 1925 338 1956 si
354 1926 473 1959 melius
489 1926 570 1968 quid
586 1926 689 1957 habes
705 1934 843 1962 arcesse,
863 1922 918 1955 vel
932 1921 1110 1963 imperium
1125 1918 1185 1950 ser.
1387 1964 1391 1974 v

1388 1979 1398 1995 Ἰ

1074 2089 1080 2091 >
1366 2028 1398 2139 j
