1410 2283
290 142 350 176 260
565 147 600 185 Q.
632 147 763 177 ΗΘΚΛ
773 147 822 178 TI
845 146 1018 180 FLACCI
1225 146 1316 190 [xix.

290 229 352 252 nec
370 230 520 252 socerum
538 221 667 262 quaerit
684 231 783 264 quem
801 220 950 254 versibus
966 220 1095 254 oblinat
1110 221 1201 263 atris,
1289 236 1323 261 30

291 283 352 304 nec
369 283 510 315 sponsae
528 273 683 315 laqueum
703 273 837 305 famoso-
847 273 993 306 carmine
1010 273 1123 306 nectit.

290 325 377 356 hunc
395 334 468 366 ego,
490 335 556 355 non
574 324 640 356 alio
658 324 785 356 dictum
804 325 894 367 prius
911 335 978 363 ore,
1000 325 1140 358 Latinus

290 378 421 419 volgavi
442 377 561 409 fidicen
579 389 587 415 ς
614 378 703 409 iuvat
722 378 944 410 inmemorata
959 377 1120 411 ferentem

292 430 442 471 ingenuis
460 430 631 472 oculisque
650 429 715 472 legi
733 430 952 472 manibusque
969 430 1084 463 teneri.

289 483 372 514 scire
389 482 481 520 velis,
505 493 578 514 mea
594 493 651 514 cur
669 483 817 524 ingratus
833 482 992 525 opuscula
1007 483 1112 516 lector

289 534 399 566 laudet
417 541 574 576 ametque
591 534 695 572 domi,
716 540 844 576 premat
862 540 955 566 extra
972 534 1076 567 limen
1093 534 1232 578 iniquus
1250 547 1258 568 z

289 597 356 618 non
373 597 436 628 ego
455 593 610 618 ventosae
628 586 736 628 plebis
754 586 910 628 suffragia
927 597 1030 619 venor

290 638 448 680 impensis
466 649 622 670 cenarum
641 645 672 670 et
690 639 786 670 tritae
805 649 940 670 munere
958 638 1068 678 vestis,

290 701 357 721 non
374 701 447 732 ego,
469 690 632 721 nobilium
651 691 850 732 scriptorum
867 690 999 722 auditor
1015 696 1048 723 et
1065 691 1163 731 ultor,

288 743 522 783 grammaticas
539 743 665 774 ambire
683 742 787 773 tribus
804 747 836 774 et
855 742 983 784 pulpita
1000 742 1131 784 dignor.
1286 759 1322 783 ⁴0

290 793 366 825 hinc
384 794 460 826 illae
477 793 644 826 lacrimae.
698 794 828 836 ‘spissis
846 794 983 835 indigna
999 793 1136 827 theatris

288 846 412 887 scripta
428 845 531 887 pudet
549 845 686 877 recitare
703 851 735 877 et
754 845 850 887 nugis
867 845 990 877 addere
1007 845 1158 888 pondus’

289 898 315 929 si
332 897 412 935 dixi,
437 899 446 912 ‘
458 897 545 928 rides
558 895 565 908 '
583 897 629 928 ait
652 898 659 912 ‘
673 902 705 929 et
724 897 816 929 Iovis
833 897 968 929 auribus
985 897 1050 929 ista.

289 960 400 981 servas
418 961 424 981 :
449 949 523 980 fidis
539 949 627 981 enim
646 959 783 981 manare
801 949 933 991 poetica
949 948 1051 981 mella

289 1006 321 1033 te
338 1001 455 1039 solum,
478 1001 537 1032 tibi
556 999 718 1042 pulcher!
766 1001 808 1032 ad
826 1000 908 1032 haec
926 1011 989 1043 ego
1005 1001 1140 1034 naribus
1156 1003 1204 1035 uti

290 1053 433 1084 formido
449 1059 491 1090 et,
513 1052 669 1084 luctantis
685 1058 782 1084 acuto
800 1063 841 1084 ne
858 1062 950 1084 secer
967 1053 1081 1095 ungui,

293 1105 465 1147 ‘displicet
484 1105 544 1136 iste
562 1104 654 1136 locus
666 1103 673 1116 ‘
691 1104 801 1136 clamo
818 1109 850 1136 et
867 1104 997 1136 diludia
1014 1115 1126 1147 posco.

289 1157 386 1189 ludus
402 1157 492 1189 enim
510 1157 624 1199 genuit
643 1157 811 1200 trepidum
828 1163 998 1189 certamen
1014 1161 1047 1189 et
1063 1157 1159 1198 iram,

289 1209 338 1240 ira
355 1215 463 1242 truces
481 1209 672 1242 inimicitias
689 1215 722 1242 et
739 1209 878 1242 funebre
894 1208 1032 1242 bellum.

289 1430 369 1462 XX.
490 1428 780 1462 ERTUMNUM
809 1428 1008 1472 Ianumque,
1040 1428 1135 1469 liber,
1161 1433 1312 1473 spectare

598 1482 731 1521 videris,

286 1534 411 1567 scilicet
428 1539 463 1566 ut
481 1539 610 1576 prostes
629 1534 803 1566 Sosiorum
820 1533 954 1576 pumice
970 1533 1126 1566 mundus.

286 1587 386 1618 odisti
403 1586 505 1619 clavis
521 1591 554 1619 et
570 1592 666 1629 grata
681 1586 791 1628 sigilla
808 1586 942 1628 pudico,

287 1639 400 1681 paucis
417 1639 547 1672 ostendi
564 1639 670 1681 gemis
687 1644 718 1670 et
736 1638 929 1670 eommunia
946 1637 1073 1676 laudas,

286 1701 353 1722 non
369 1691 416 1723 ita
432 1691 584 1722 nutritus.
634 1690 711 1732 suge
727 1700 796 1732 quo
811 1689 1016 1722 descendere
1031 1688 1134 1732 gestis
1149 1699 1157 1720 ε

285 1752 352 1773 non
369 1742 429 1774 erit
446 1742 568 1774 emisso
586 1742 711 1774 reditus
728 1741 801 1773 tibi.
856 1743 865 1757 ‘
877 1741 958 1784 quid
974 1741 1075 1774 miser
1090 1740 1168 1783 egi?

286 1794 366 1835 quid
382 1794 471 1826 volui
483 1795 497 1825 Ρ
509 1793 516 1807 ’
535 1794 624 1826 dices
641 1794 697 1825 ubi
715 1793 789 1835 quis
805 1797 839 1825 te
854 1792 987 1825 laeserit
999 1803 1010 1832 ς
1033 1797 1067 1825 et
1082 1792 1146 1825 scis

286 1845 320 1876 in
335 1845 436 1877 breve
452 1852 485 1878 te
501 1845 576 1887 cogi
593 1856 669 1877 cum
687 1845 806 1887 plenus
822 1844 960 1887 languet
975 1848 1115 1877 amator.

285 1896 404 1936 quodsi
421 1907 490 1928 nou
508 1897 586 1929 odio
604 1896 774 1939 peccantis
791 1896 916 1939 desipit
930 1906 1047 1938 augur,

283 1958 379 1980 carus
395 1948 458 1980 eris
475 1948 605 1980 Romae
625 1948 732 1981 donec
748 1953 781 1980 te
800 1948 930 1980 deserat
946 1952 1064 1980 aetas:
1275 1961 1310 1980 xo
