1410 2283
291 151 352 172 210
578 141 614 180 Q.
646 139 777 171 ΗΘΚΛ
786 139 838 170 TI
860 138 1032 171 FLACCI
1248 137 1308 180 [w.

291 214 470 253 mendose3
495 215 654 257 quoniam
671 214 783 247 vacuis
798 213 1010 248 committere
1024 213 1119 247 venis
1400 224 1410 267 1

290 267 338 299 nil
355 267 416 299 nisi
434 268 508 300 lene
524 268 634 300 decet:
660 267 726 299 leni
743 266 937 310 praecordia
953 265 1061 299 mulso
1406 271 1410 311 ξ

292 319 454 361 prolueris
471 319 600 350 melius.
651 319 678 350 si
695 318 777 350 dura
794 317 977 350 morabitur
992 317 1098 358 alvus,
1395 313 1410 359 fl

291 371 427 402 mitulus
442 377 474 403 et
492 371 574 402 viles
590 370 716 413 pellent
733 370 902 402 obstantia
917 369 1077 409 conchae,
1398 362 1410 401 l

291 428 323 455 et
342 423 467 465 lapathi
486 423 596 455 brevis
612 423 727 461 herba,
749 422 807 454 sed
824 422 903 454 albo
920 431 987 454 non
1004 421 1075 453 sine
1092 420 1177 454 Coo.
1403 407 1410 423 ¹

291 475 417 508 lubrica
435 481 607 507 nascentes
624 475 764 517 implent
781 474 957 516 conchylia
974 473 1094 508 lunae:
1281 488 1315 514 30

291 528 349 560 sed
366 539 432 560 non
449 539 548 560 omne
565 538 656 559 mare
671 532 719 559 est
737 537 918 569 generosae
935 525 1042 559 fertile
1057 530 1180 559 testae:

291 580 415 612 murice
435 581 561 611 Baiano
578 579 696 612 melior
714 579 858 611 Lucrina
873 578 1008 621 peloris,

291 638 400 664 ostrea
417 632 553 669 Circeis,
577 632 710 663 Miseno
726 631 877 663 oriuntur
893 629 1016 669 echini,

290 685 478 726 pectinibus
496 684 617 726 patulis
633 683 733 715 iactat
750 693 786 715 se
803 682 904 714 molle
919 682 1114 714 Tarentum.

289 747 351 769 nec
367 737 430 768 sibi
447 746 602 768 cenarum
620 735 728 777 quivis
745 739 869 766 temere
884 738 1015 776 arroget
1031 738 1148 773 artem,

289 799 357 820 non
374 789 464 831 prius
480 794 595 820 exacta
613 787 703 819 tenui
720 786 847 818 ratione
864 796 1032 828 saporum.

290 851 352 873 nec
368 840 446 872 satis
463 845 511 872 est
529 850 604 871 cara
621 838 720 881 piscis
737 848 888 870 averrere
905 848 1020 870 mensa
1391 842 1405 876 ¹,

290 893 441 934 ignarum
459 891 578 934 quibus
595 897 643 923 est
661 891 710 922 ius
727 890 844 932 aptius,
866 895 899 922 et
915 889 1037 932 quibus
1053 888 1135 922 assis
1386 880 1410 940 5

289 945 467 986 languidus
484 944 517 974 in
533 943 683 976 cubitum
700 943 766 973 iam
783 953 817 974 se
833 942 976 974 conviva
992 946 1143 983 reponet.
1388 936 1410 984 ἒξ·

293 997 422 1028 Umber
438 1002 469 1028 et
487 995 590 1036 iligna
606 994 748 1026 nutritus
765 993 888 1035 glande
906 993 1066 1026 rotundas
1278 1007 1312 1031 40
1391 987 1410 1001 ²*

288 1054 402 1082 curvat
419 1059 499 1090 aper
515 1047 626 1079 lances
645 1057 779 1078 carnem
797 1045 932 1077 vitantis
949 1045 1089 1078 inertem
1106 1056 1115 1077 z
1187 1045 1197 1052 '

290 1111 367 1133 nam
386 1101 534 1132 Laurens
550 1098 657 1130 malus
674 1103 733 1136 est,
754 1097 840 1130 ulvis
857 1103 889 1130 et
905 1097 1093 1130 harundine
1108 1097 1250 1140 pinguiS.
1382 1090 1402 1134 ξ’

290 1154 386 1185 vinca
402 1152 566 1184 submittit
583 1161 720 1193 capreas
737 1161 804 1182 non
820 1160 952 1192 semper
968 1149 1088 1182 edulis.
1379 1178 1390 1197 5

290 1205 450 1238 secundae
468 1204 591 1246 leporis
607 1203 741 1245 sapiens
759 1202 940 1234 sectabitur
955 1211 1077 1234 armos.
1375 1199 1397 1231 ἰ

288 1257 434 1300 piscibus
450 1262 550 1298 atque
566 1255 683 1287 avibus
700 1265 786 1297 quae
803 1259 923 1286 natura
938 1259 972 1287 et
987 1253 1072 1286 soret
1088 1258 1180 1286 aetas
1386 1242 1396 1249 ’

287 1314 365 1341 ante
382 1319 493 1340 meum
510 1307 591 1339 nulli
610 1307 716 1349 patuit
734 1306 886 1348 quaesita
903 1305 1065 1348 palatum.
1092 1319 1105 1330 ·
1367 1297 1391 1343 ἑ

287 1366 363 1392 sunt
380 1370 521 1403 quorum
538 1358 709 1401 ingenium
726 1368 813 1390 nova
829 1363 960 1390 tantum
976 1356 1123 1389 crustula
1138 1354 1273 1399 promit.
1364 1342 1397 1360 ‘⁸'

287 1423 498 1455 nequaquam
516 1413 595 1445 satis
611 1413 644 1444 in
661 1423 695 1444 re
709 1421 775 1443 una
792 1420 988 1443 consumere
1002 1419 1117 1447 curam
1130 1420 1141 1448 ;
1386 1431 1410 1465 ιι

287 1470 323 1497 ut
338 1465 441 1508 siquis
456 1465 564 1497 solum
580 1465 655 1503 hoc,
676 1464 765 1496 mala
782 1474 824 1495 ne
840 1463 906 1494 sint
921 1462 1009 1501 vina,
1030 1461 1171 1500 laboret,
1360 1424 1385 1516 {l
1405 1475 1410 1519 i

289 1517 379 1560 quali
395 1517 570 1559 perfundat
588 1517 687 1559 piscis
704 1525 838 1548 securus
854 1514 954 1547 olivo.
1276 1523 1311 1549 5ο
1365 1511 1390 1538 ¹⁸
1408 1523 1410 1526 ⁴

289 1569 436 1601 Massica
451 1569 478 1600 si
494 1569 588 1601 caelo
606 1578 775 1611 suppones
790 1567 869 1598 vina
885 1575 1012 1604 sereno,

287 1627 450 1653 nocturna
464 1621 574 1663 siquid
591 1621 691 1653 crassi
709 1624 758 1652 est
774 1618 965 1651 tenuabitur
980 1627 1071 1657 aura,

287 1678 319 1705 et
336 1673 474 1705 decedet
491 1673 575 1705 odor
592 1673 702 1705 nervis
719 1671 894 1703 inimicus:
917 1675 951 1702 at
969 1669 1028 1701 illa

287 1725 453 1767 integrum
469 1726 611 1767 perdunt
629 1725 699 1756 lino
715 1723 832 1755 vitiata
847 1732 1013 1765 saporem.

288 1777 483 1810 Surrentina
499 1777 591 1809 vafer
605 1777 663 1819 qui
679 1776 797 1808 miscet
813 1775 904 1807 faece
919 1773 1065 1806 Falerna

288 1829 376 1868 vina,
395 1830 590 1862 columbino
607 1829 724 1860 limum
739 1828 826 1860 bene
842 1826 971 1869 colligit
987 1836 1065 1865 ovo,

288 1886 453 1923 quatenus
470 1882 537 1913 ima
553 1882 637 1923 petit
652 1879 789 1912 volvens
805 1879 915 1911 aliena
929 1877 1075 1910 vitellus.

288 1933 384 1965 tostis
402 1938 606 1965 marcentem
622 1931 750 1974 squillis
766 1930 930 1964 recreabis
946 1934 980 1962 et
995 1928 1080 1962 Afra
