1410 2283
555 780 1007 834 SATIRARUM

587 911 712 940 LIBER
739 915 970 948 SECUNDUS.

268 1010 295 1042 1.
403 1012 505 1046 UNT
522 1018 642 1059 quibus
660 1020 692 1052 in
709 1022 809 1055 satira
825 1025 941 1058 videor
952 1027 1051 1062 nimis
1060 1040 1136 1064 acer
1151 1035 1184 1065 et
1200 1033 1287 1067 ultra

413 1058 529 1108 'legem
547 1071 682 1104 tendere
703 1084 812 1116 opus;
836 1077 908 1110 sine
932 1081 1042 1114 nervis
1066 1082 1171 1117 altera
1193 1087 1285 1129 quic-

550 1122 632 1163 quid

263 1170 435 1210 composui
453 1182 528 1213 pars
545 1184 616 1206 esse
633 1182 728 1217 putat
745 1178 929 1223 similisque
945 1193 1095 1218 meorum

263 1220 354 1252 mille
371 1222 426 1254 die
443 1234 556 1258 versus
572 1227 692 1261 deduci
709 1240 818 1272 posse.
864 1234 1013 1275 Trebati,

261 1273 342 1314 quid
359 1273 478 1307 faciam
495 1280 696 1319 praescribe.
748 1283 757 1298 ‘
769 1284 942 1325 quiescas.’
986 1299 1029 1321 ne
1044 1288 1175 1331 faciam,
1194 1291 1242 1324 in-

392 1328 476 1369 quis,

259 1378 398 1410 omnino
415 1390 526 1414 versus
539 1382 554 1413 ?
582 1384 590 1399 ‘
601 1383 682 1417 ai0.'
726 1397 860 1428 peream
876 1391 975 1430 male,
994 1392 1021 1424 si
1034 1403 1102 1425 non

258 1430 423 1470 optimum
440 1439 509 1464 erat
528 1446 534 1464 :
560 1445 673 1468 verum
689 1448 819 1481 nequeo
835 1441 989 1476 dormire.
1038 1445 1048 1461 ‘
1059 1450 1109 1478 ter
1124 1447 1216 1480 uncti

257 1485 452 1515 transnanto
470 1485 631 1527 Tiberim,
651 1499 770 1522 somno
786 1493 907 1534 quibus
924 1500 974 1527 est
989 1506 1074 1538 opus
1089 1497 1170 1538 alto,

256 1531 481 1578 irriguumque
499 1548 592 1571 mero
608 1540 670 1572 sub
685 1548 820 1575 noctem
836 1554 957 1588 corpus
972 1547 1129 1582 habento.

255 1590 310 1616 aut
328 1586 354 1617 si
372 1592 481 1620 tantus
497 1600 592 1622 amor
606 1593 772 1626 scribendi
789 1600 822 1627 te
839 1598 935 1639 rapit,
955 1599 1042 1632 aude
1242 1617 1275 1635 10

255 1636 408 1671 Caesaris
423 1639 538 1673 invicti
556 1653 607 1675 res
623 1644 744 1685 dicere,
764 1647 870 1680 multa
886 1649 1039 1683 laborum

252 1691 401 1729 praemia
416 1691 566 1726 laturus.’
612 1697 781 1738 cupidum,
800 1705 896 1741 pater
907 1702 1046 1744 optime,
1065 1703 1152 1737 vires

252 1739 411 1774 deficiunt
427 1755 435 1775 :
458 1754 567 1787 neque
583 1747 674 1779 enim
690 1749 799 1791 quivis
813 1750 982 1784 horrentia
997 1754 1075 1796 pilis

251 1793 386 1833 agmina
401 1805 462 1827 nec
479 1796 582 1830 fracta
597 1800 765 1840 pereuntis
781 1803 918 1845 cuspide
934 1804 1052 1838 Gallos

251 1848 307 1874 aut
321 1843 462 1879 labentis
480 1859 566 1891 equo
582 1850 740 1884 describit
755 1853 892 1887 volnera
909 1855 1034 1890 Parthi.

255 1896 263 1911 ‘
276 1899 424 1945 attqnen
441 1904 473 1932 et
490 1900 612 1934 iustum
628 1908 762 1945 poteras
778 1910 811 1938 et
827 1906 971 1941 scribere
986 1908 1116 1950 fortem,

1350 2154 1363 2186 ἰ·

1206 2247 1290 2283 ‘¹¹'
