1410 2283
239 164 276 193 18
524 161 559 198 Q.
591 158 781 189 HORATI
803 156 975 188 FLACCI
1161 152 1247 195 [xlv.

369 240 402 268 et
418 234 525 266 malus
541 233 639 266 celeri
656 232 785 265 saueius
798 231 913 263 Africo

372 292 601 327 antemnaeque
617 289 764 327 gemant,
784 294 823 316 ac
839 283 908 316 sine
925 281 1058 315 funibus

417 339 470 370 vix
487 338 604 369 durare
620 336 751 368 carinae

459 389 585 432 possint
603 387 811 430 imperiosius

375 518 499 550 aequor
511 508 526 539 Ρ
548 517 615 539 non
633 505 692 537 tibi
710 509 785 537 sunt
802 503 929 547 integra
944 503 1057 542 lintea,

375 571 442 592 non
459 561 504 598 di,
524 569 608 601 quos
625 559 742 590 iterum
759 567 872 599 pressa
890 566 986 589 voces
1002 555 1101 588 malo.
1231 570 1262 587 10

421 611 572 654 quamvis
588 610 727 642 Pontica
744 609 852 651 pinus,

464 663 565 696 silvae
582 662 651 694 filia
665 661 797 700 nobilis,

380 784 481 816 iactes
494 787 525 814 et
541 792 644 824 genus
661 785 693 813 et
711 791 834 813 nomen
850 779 978 820 inutile,

378 836 425 868 nil
443 835 539 877 pictis
556 833 690 865 timidus
707 833 819 864 navita
836 833 1004 875 puppibus

425 887 506 919 fidit.
553 890 599 924 tu,
620 885 682 916 nisi
700 885 806 916 ventis

467 938 568 970 debes
585 937 775 975 ludibrium,
796 947 887 969 cave.

383 1069 489 1101 nuper
504 1057 682 1090 sollicitum
699 1066 784 1098 quae
800 1055 883 1087 mihi
899 1055 1058 1094 taedium,

385 1121 473 1144 nune
488 1109 687 1142 desiderium
704 1118 846 1150 curaque
863 1118 931 1140 non
943 1107 1036 1146 levis,

428 1161 586 1194 interfusa
603 1160 738 1192 nitentis

473 1213 557 1245 vites
572 1222 715 1255 aequora
732 1210 906 1254 Cycladas.
1239 1225 1272 1242 20

259 1503 339 1537 XV.
476 1501 636 1535 ASTOR
652 1511 728 1533 cum
745 1500 889 1533 traheret
905 1511 965 1543 per
978 1499 1062 1533 freta
1075 1499 1218 1532 navibus

500 1553 611 1585 Idaeis
629 1553 785 1585 Helenen
800 1553 948 1595 perfidus
962 1552 1142 1595 hospitam,

392 1606 523 1649 ingrato
539 1605 661 1637 celeres
677 1605 787 1636 obruit
803 1605 873 1636 otio

481 1662 610 1696 ventos,
628 1661 665 1688 ut
681 1662 814 1689 caneret
830 1656 899 1688 scra

395 1777 526 1809 Nereus
542 1776 620 1808 sata.
674 1776 781 1808 ‘mala
796 1776 890 1808 ducis
904 1775 958 1807 avi
973 1775 1113 1808 domum

396 1839 497 1870 quam
513 1828 619 1859 multo
634 1831 762 1869 repetet
777 1826 919 1859 Graecia
933 1826 1049 1866 milite,

397 1880 569 1912 coniurata
584 1883 658 1911 tuas
673 1889 824 1920 rumpere
840 1878 974 1920 nuptias

487 1936 519 1963 et
535 1941 673 1972 regnum
691 1929 815 1962 Priami
831 1935 935 1962 vetus.
