1458 2315
111 146 159 170 xx.
166 137 178 179 ]

363 139 641 170 CARMINUM
662 140 808 171 LIBER
835 141 896 172 IV.
1096 153 1154 181 117

290 225 370 254 non,
391 215 419 247 si
437 215 566 258 priores
583 216 765 248 Maeonius
783 220 877 249 tenet

292 268 390 301 sedes
408 269 592 308 Homerus,
616 269 816 302 Pindaricae
832 269 938 302 latent

337 322 497 364 Ceaeque
514 326 548 354 et
567 321 690 354 Alcaei
706 322 856 355 minaces

382 374 635 417 Stesichorique
651 386 770 418 graves
789 375 961 409 Camenae
979 387 989 417 ;

291 489 354 512 nec
371 478 482 522 siquid
500 478 583 511 olim
600 479 679 511 lusit
694 479 887 520 Anacreon,

290 532 419 564 delevit
436 537 528 564 aetas
543 543 554 571 3
579 532 683 575 spirat
700 533 811 566 adhuc
827 544 933 573 amor,
1117 550 1151 566 10

334 585 521 628 vivuntque
538 585 710 618 commissi
727 586 857 619 calores

381 638 525 671 Aeoliae
543 638 667 671 fidibus
685 639 832 681 puellae.

291 753 361 776 non
378 742 450 776 sola
468 746 623 786 comptos
640 743 720 776 arsit
737 743 883 777 adulteri

290 796 392 829 crinis
409 800 442 829 et
460 806 580 828 aurum
596 796 746 829 vestibus
762 796 889 830 illitum

334 849 456 882 mirata
473 849 663 892 regalisque
681 849 792 882 cultus

379 907 412 935 et
429 903 572 935 comites
591 902 727 935 Helene
745 903 902 936 Lacaena
919 915 929 944 3

289 1006 460 1049 primusve
478 1007 610 1040 Teucer
627 1007 694 1040 tela
712 1008 870 1050 Cydonio

290 1059 413 1092 direxit
430 1071 511 1093 arcu
527 1072 537 1100 3
561 1071 631 1093 non
647 1061 753 1093 semel
771 1062 857 1094 Ilios

336 1117 482 1153 vexata3
507 1124 577 1145 non
593 1114 757 1156 pugnavit
775 1114 895 1157 iugens

381 1165 587 1198 Idomeneus
606 1166 832 1200 Sthenelusve
849 1167 940 1200 solus
1121 1184 1155 1201 20

292 1270 439 1302 dicenda
457 1270 567 1302 Musis
586 1270 740 1313 proelia-3
764 1281 832 1303 non
851 1270 945 1304 ferox

292 1324 426 1356 Hector
442 1323 497 1355 vel
515 1333 591 1355 acer
609 1324 812 1366 Deiphobus
829 1325 941 1367 gravis

336 1375 469 1419 excepit
487 1376 572 1408 ictus
589 1387 650 1419 pro
668 1377 800 1419 pudicis

383 1429 586 1472 coniugibus
602 1430 784 1473 puerisque
801 1431 942 1474 primus.

289 1533 403 1567 vixere
421 1533 524 1567 fortes
542 1538 620 1567 ante
639 1533 904 1577 Agamemnona

288 1587 389 1620 multi
406 1599 413 1619 :
440 1588 499 1620 sed
517 1598 636 1620 omnes
653 1587 908 1620 illacrimabiles

334 1646 521 1683 urguentur
538 1641 714 1683 ignotique
732 1641 835 1683 longa

379 1700 491 1733 nocte,
513 1698 628 1726 carent
646 1693 726 1736 quia
745 1700 820 1726 vate
837 1704 942 1727 sacr0.

286 1799 428 1842 paulum
445 1798 599 1842 sepultae
617 1798 720 1831 distat
738 1797 881 1832 inertiae

288 1852 398 1885 celata
414 1852 531 1884 virtus.
579 1862 649 1883 non
666 1863 730 1894 ego
747 1857 779 1884 te
796 1852 879 1884 meis
1119 1870 1151 1886 το

333 1904 459 1938 chartis
477 1904 673 1937 inornatum
690 1904 810 1945 silebo,

377 1962 470 1990 totve
486 1962 560 1990 tuos
578 1957 689 2001 patiar
704 1958 838 1991 labores
