1458 2315
120 150 186 193 VL]
377 149 436 181 SA
446 148 680 180 TIRARUM
701 148 846 178 LIBER
872 147 901 177 I.
1100 155 1159 184 179

117 349 180 382 VI.
314 348 383 382 ΟΝ
414 348 504 392 quia,
541 348 734 387 Maecenas,
771 346 946 389 Lydorum
979 343 1142 388 quicquid

449 402 611 433 Etruscos

118 455 260 487 incoluit
276 453 364 493 finis,
383 464 486 486 nemo
502 453 696 496 generosior
713 457 762 485 est
781 456 823 491 te,

122 519 185 540 nec
202 508 295 550 quod
313 517 395 538 avus
413 507 476 538 tibi
493 511 665 538 maternus
683 506 743 537 fuit
761 511 862 547 atque
879 508 1039 547 paternus

119 561 203 593 olim
220 560 277 603 qui
295 559 428 602 magnis
445 559 636 602 legionibus
652 558 896 601 imperitarent,

120 619 157 646 ut
174 613 327 656 plerique
345 612 463 650 solent,
485 623 569 643 naso
586 611 763 653 suspendis
779 611 911 642 adunco

121 666 267 709 ignotos,
287 670 324 697 ut
341 676 395 696 me
412 664 571 696 libertino
589 668 683 706 patre
700 668 828 695 natum.

122 730 200 752 cum
216 718 339 750 referre
354 728 458 759 negas
475 717 567 760 quali
585 717 627 748 sit
644 716 786 759 quisque
803 719 943 758 parente

121 777 230 811 natus,
251 771 333 803 dum
349 771 524 812 ingenuus,
545 769 726 812 persuades
742 768 808 800 hoc
825 768 886 799 tibi
902 777 991 807 vere,

121 830 200 857 ante
215 829 418 867 potestatem
434 823 527 855 Tulli
544 827 646 865 atque
663 821 813 864 ignobile
829 831 971 862 regnum

123 878 248 910 multos
265 888 365 919 saepe
382 877 472 908 viros
487 876 590 908 nullis
605 875 790 907 maioribus
806 879 899 906 ortos
1131 888 1163 904 10

122 936 155 963 et
173 930 295 962 vixisse
310 930 446 972 probos,
468 928 590 969 amplis
607 933 639 960 et
656 927 844 960 honoribus
861 931 978 959 auctos
995 937 1003 958 :

122 988 240 1015 contra
257 982 456 1020 Laevinum,
478 981 595 1013 Valeri
613 991 730 1023 genus,
751 980 841 1011 unde
862 979 1036 1021 Superbus

124 1035 328 1078 Tarquinius
345 1045 450 1076 regno
467 1034 584 1076 pulsus
601 1033 696 1075 sugit,
717 1033 816 1065 unius
832 1033 915 1064 assis

94 1086 97 1089 ’
123 1099 193 1120 non
209 1098 370 1130 umquam
385 1087 495 1130 pretio
512 1087 616 1129 pluris
634 1086 777 1124 licuisse,
797 1090 937 1117 notante

125 1140 246 1179 iudice,
267 1151 335 1182 quo
352 1139 452 1179 nosti,
473 1139 611 1182 populo,
633 1139 690 1181 qui
707 1138 828 1171 stultus
844 1139 990 1169 honores

126 1204 226 1235 saepe
242 1193 301 1224 dat
318 1192 466 1234 indignis
483 1197 515 1224 et
532 1192 641 1223 famae
659 1191 759 1223 servit
778 1191 920 1232 ineptus,

125 1246 182 1288 qui
200 1250 312 1288 stupet
329 1245 364 1276 in
381 1244 486 1276 titulis
503 1248 537 1276 et
554 1244 769 1285 imaginibus.
820 1243 901 1285 quid
918 1246 1052 1284 oportet

125 1309 186 1330 nos
204 1298 312 1330 facere
329 1308 349 1329 a
368 1297 469 1338 volgo
487 1296 587 1338 longe
604 1296 772 1337 longeque
791 1299 938 1327 remotos
951 1295 966 1326 ?

126 1361 273 1394 namque
290 1355 371 1387 esto,
393 1348 540 1391 populus
558 1349 709 1380 Laevino
726 1347 841 1379 mallet
857 1347 1022 1379 honorem

126 1414 229 1446 quam
247 1403 356 1434 Decio
373 1401 534 1433 mandare
548 1411 648 1439 novo,
669 1409 853 1442 censorque
871 1404 1021 1431 moveret
1129 1414 1162 1430 ευ

127 1457 272 1499 Appius,
293 1456 440 1497 ingenuo
457 1454 484 1486 si
500 1464 569 1485 non
586 1464 693 1485 essem
711 1458 806 1495 patre
823 1458 919 1484 natus
938 1464 946 1484 ε

127 1509 180 1541 vel
197 1509 327 1547 merito,
349 1507 510 1550 quoniam
528 1506 561 1537 in
578 1506 715 1548 propria
732 1516 799 1537 non
817 1505 905 1547 pelle
922 1504 1099 1547 quiessem.

127 1562 186 1594 sed
204 1561 353 1604 fulgente
371 1560 473 1592 trahit
490 1559 689 1591 constrictos
706 1557 825 1591 Gloria
842 1568 938 1589 curru

127 1625 196 1646 non
213 1615 324 1646 minus
342 1614 476 1656 ignotos
493 1612 673 1654 generosis.
725 1622 792 1653 quo
811 1610 881 1649 tibi,
904 1609 997 1649 Tilli,

130 1678 262 1705 sumere
278 1666 471 1708 depositum
489 1665 622 1696 clavum
641 1663 779 1705 fierique
797 1662 931 1694 tribuno
944 1663 959 1694 ?

128 1719 256 1751 invidia
272 1718 431 1756 accrevit,
452 1718 586 1760 privato
603 1728 687 1759 quae
705 1716 815 1747 minor
832 1719 930 1747 esset.

127 1782 206 1803 nam
223 1776 258 1803 ut
276 1772 419 1814 quisque
437 1770 573 1801 insanus
590 1768 694 1811 nigris
712 1767 862 1799 medium
880 1766 1034 1809 impediit
1053 1777 1126 1799 crus

127 1823 274 1866 pellibus
291 1829 323 1856 et
338 1823 442 1855 latum
460 1821 596 1854 demisit
614 1826 750 1863 pectore
767 1820 909 1858 clavum,

128 1876 221 1908 audit
238 1877 400 1908 continuo
422 1877 430 1891 ‘
444 1875 519 1918 quis
536 1874 640 1905 homo
657 1873 712 1904 hic
729 1876 785 1904 aut
804 1882 871 1914 quo
889 1876 982 1914 patre
1001 1876 1099 1903 natus
1111 1872 1126 1903 ?
1139 1870 1146 1884 ²

128 1932 165 1960 ut
181 1928 267 1970 siqui
284 1933 434 1970 aegrotet
453 1938 521 1970 quo
535 1926 654 1958 morbo
672 1926 804 1963 Barrus,
826 1924 940 1955 haberi
1132 1938 1165 1962 30

130 1985 166 2014 ut
183 1982 296 2025 cupiat
314 1981 490 2019 formosus,
513 1984 567 2012 eat
584 1988 805 2022 quacumque,
827 1977 947 2019 puellis
