1458 2315
82 116 189 160 xva]
410 116 610 148 EPODON
633 116 785 147 LIBER.
1055 126 1112 157 153

169 204 240 227 non
254 192 322 226 huc
339 191 472 226 Sidonii
489 196 654 225 torserunt
671 202 796 225 cornua
811 196 943 231 nautae,

214 245 385 279 laboriosa
400 255 462 277 nec
478 245 600 277 cohors
618 244 742 277 Ulixei.
1079 251 1113 276 60

171 298 265 331 nulla
279 303 401 330 nocent
419 298 533 340 pecori
550 297 716 339 contagia,
736 296 860 328 nullius
875 297 954 328 astri

215 361 350 393 gregem
367 355 522 382 aestuosa
537 354 639 382 torret
658 349 866 391 impotentia.

173 403 327 446 Iuppiter
344 401 402 434 illa
418 402 494 444 piae
513 401 653 434 secrevit
672 401 771 433 litora
786 402 890 444 genti,

215 461 252 488 ut
269 454 456 497 inquinavit
472 464 548 487 aere
566 459 696 496 tempus
713 465 849 486 aureum
864 465 874 492 ;

170 518 257 546 aere,
277 507 399 540 dehinc
417 506 503 539 ferro
519 506 652 538 duravit
669 505 810 545 saecula,
833 517 975 549 quorum

215 559 280 602 piis
295 559 441 592 secunda
456 563 533 591 vate
550 569 604 591 me
621 559 719 591 datur
736 558 823 602 suga.

81 815 200 850 XVII.
284 815 358 850 AM
375 817 442 849 iam
457 816 584 850 efficaci
601 817 647 850 do
663 828 782 850 manus
798 817 967 857 scientiae,

348 868 491 913 supplex
507 875 540 902 et
557 881 617 902 oro
634 881 735 912 regna
752 881 812 912 per
830 870 1063 914 Proserpinae,

123 929 184 963 per
200 925 233 954 et
250 920 383 955 Dianae
399 931 468 955 non
484 922 650 954 movenda
667 923 816 961 numina,

167 983 230 1015 per
243 978 344 1017 atque
360 973 466 1006 libros
481 975 669 1006 carminum
687 975 870 1007 valentium

124 1025 228 1057 refixa
243 1026 337 1058 caelo
353 1026 516 1059 devocare
533 1026 652 1066 sidera,

170 1077 326 1118 Canidia,
345 1088 445 1121 parce
461 1079 600 1111 vocibus
616 1079 751 1111 tandem
770 1080 881 1118 sacris,

126 1127 296 1172 citumque
313 1135 401 1162 retro
417 1129 522 1169 solve,
542 1130 634 1163 solve
652 1132 829 1163 turbinem.

167 1181 272 1213 movit
290 1187 448 1224 nepotem
464 1182 636 1225 Telephus
654 1183 825 1221 Neretum,

124 1231 158 1264 in
173 1243 275 1276 quem
291 1234 456 1276 superbus
471 1235 642 1267 ordinarat
659 1235 794 1277 agmina

168 1285 343 1327 Mysorum
359 1292 391 1318 et
409 1286 443 1318 in
459 1296 559 1329 quem
577 1287 644 1319 tela
660 1293 755 1319 acuta
774 1292 923 1320 torserat.
1073 1304 1105 1322 ιο

122 1346 247 1370 unxere
265 1344 388 1370 matres
406 1338 489 1371 Iliae
506 1338 677 1370 addictum
695 1339 771 1371 seris

164 1389 302 1422 alitibus
317 1396 418 1432 atque
435 1390 574 1423 canibus
590 1391 795 1424 homicidam
814 1392 1010 1434 Hectorem,

121 1446 300 1485 postquam
317 1443 441 1476 relictis
458 1443 634 1475 moenibus
651 1455 707 1476 rex
725 1445 867 1486 procidit

165 1493 230 1526 heu
245 1495 428 1537 pervicacis
444 1495 484 1527 ad
505 1495 607 1538 perles
626 1496 780 1529 Achillei.

121 1551 253 1579 saetosa
269 1547 361 1579 duris
378 1558 498 1580 exuere
516 1548 661 1590 pellibus

165 1598 323 1631 laboriosi
342 1601 483 1641 remiges
503 1600 617 1633 Ulixei

121 1650 256 1683 volente
273 1651 371 1684 Circa
389 1652 560 1685 membra:
589 1658 667 1685 tunc
686 1664 779 1685 mens
797 1659 827 1686 ct
846 1664 946 1687 sonus

164 1703 312 1746 relapsus
329 1710 429 1747 atque
446 1710 544 1737 notus
562 1705 594 1737 in
613 1705 721 1737 voltus
738 1706 854 1739 honor.

118 1754 197 1788 dedi
212 1755 294 1787 satis
309 1767 474 1799 superque
490 1768 673 1799 poenarum
693 1758 764 1796 tibi,

162 1813 275 1840 amata
291 1808 400 1841 nautis
417 1808 557 1841 multum
575 1816 605 1842 et
626 1810 843 1843 institoribus.
1064 1828 1099 1846 πο

118 1857 201 1902 sugit
219 1859 381 1899 iuventas,
401 1866 433 1894 et
454 1861 658 1893 verecundus
674 1862 767 1894 color

162 1910 297 1956 reliquit
313 1923 371 1945 om
388 1912 476 1955 pelle
493 1913 615 1945 amicta
633 1913 741 1946 lurida
757 1926 766 1953 ;

351 1984 386 2010 ΙΙ
