1458 2315
104 139 226 179 xxlx]
357 136 633 168 CARMJNUM
654 135 799 165 LIBER
826 135 892 165 ΙΙΙ.
1102 145 1146 176 99

281 223 366 246 uxor
381 212 498 246 invicti
515 212 608 245 Iovis
624 222 696 245 esse
711 211 820 244 neseis
837 223 845 244 ε
998 243 999 246 ,

281 267 378 299 mitte
395 265 560 308 singultus
574 277 584 306 3
608 265 694 297 bene
711 264 796 297 serre
811 273 972 306 magnam

282 320 374 352 disce
391 319 561 352 fortunam
576 330 584 350 ε
608 322 666 350 tua
681 322 790 350 sectus
807 317 898 350 orbis

460 371 599 404 nomina
616 369 738 403 ducet.’

110 601 290 635 XXVIII.
411 599 536 634 ESTO
554 600 635 644 quid
653 600 766 643 potius
783 600 838 633 die

433 654 586 696 Neptuni
604 653 723 686 faciam
734 649 752 686 ἶ
767 663 885 696 prome
902 652 1115 687 reconditum

327 707 424 749 Lyde
440 712 574 739 strenua
592 706 800 745 Caecubum,

283 760 499 803 munitaeque
516 759 642 792 adhibe
658 759 727 791 vim
746 759 941 802 sapientiae.

325 863 489 896 inclinare
504 863 682 896 meridiem

282 917 397 956 sentis,
417 927 457 950 ac
473 916 578 949 veluti
594 921 659 949 stet
676 916 821 949 volucris
838 916 910 949 dies

327 970 437 1013 parcis
453 969 607 1012 deripere
622 969 744 1002 horreo

282 1028 470 1057 cessantem
487 1023 601 1055 Bibuli
618 1023 764 1056 consulis
781 1023 992 1066 amphoram.

327 1138 390 1160 nos
405 1127 616 1160 cantabimus
633 1127 778 1160 invicem

286 1180 486 1223 Neptunum
503 1185 536 1212 et
552 1180 676 1212 virides
694 1179 882 1213 Nereidum
899 1190 1014 1213 comas
1030 1192 1039 1214 z
1114 1196 1147 1214 10

330 1237 368 1264 tu
383 1243 484 1264 curva
500 1232 628 1264 recines
643 1232 716 1274 lyra

288 1285 456 1318 Latonam
474 1289 505 1317 et
523 1284 639 1317 celcris
656 1285 785 1327 spicula
803 1285 995 1327 Cynthiae;

330 1399 464 1421 summo
480 1388 637 1427 carmine,
659 1399 745 1431 quae
763 1388 898 1421 Cnidon

287 1442 512 1485 fulgentisque
530 1445 620 1474 tenet
638 1441 805 1483 Cycladas
822 1448 854 1475 et
873 1443 1028 1486 Paphum

332 1495 454 1528 iunctis
470 1494 547 1526 visit
564 1494 734 1534 oloribus;

284 1548 416 1581 dicetur
432 1547 551 1580 merita
569 1547 647 1580 Nox
664 1558 798 1591 quoque
814 1549 924 1582 nenia.

109 1795 247 1830 XXIX.
372 1794 622 1827 YRRHENA
640 1804 754 1836 regum
773 1791 959 1836 progenies,
981 1792 1030 1825 tib

394 1858 462 1880 non
479 1854 557 1880 ante
574 1859 670 1880 verso
687 1848 762 1880 lene
779 1857 907 1879 merum
924 1847 1009 1879 cado

331 1912 408 1934 curn
425 1900 517 1939 flore,
539 1901 736 1940 Maecenas,
754 1910 905 1932 rosarum
921 1905 954 1932 et

375 1964 490 1996 pressa
506 1953 571 1986 tuis
590 1954 729 1987 balanus
747 1953 877 1996 capillis
