1410 2283
289 144 349 173 215
572 143 608 181 ο.
641 140 773 173 HORA
782 139 834 172 TI
856 137 1028 172 nacci
1250 136 1311 180 [vi.

289 226 371 259 ergo
387 215 442 249 ubi
457 226 510 249 me
528 216 561 249 in
579 220 710 249 montes
726 220 758 249 et
776 215 810 248 in
826 224 940 248 arcem
953 223 996 248 ex
1010 211 1094 247 urbe
1104 212 1244 255 removi,

288 269 369 313 quid
386 269 477 312 prius
494 269 655 302 illustrem
672 267 781 301 satiris
796 277 959 310 musaque
973 265 1146 310 pedestri?

289 332 350 355 nec
367 321 455 354 mala
471 332 525 354 me
540 321 682 354 ambitio
698 320 807 363 perdit
822 320 887 353 'nec
903 318 1082 363 plumbeus
1097 317 1222 352 Auster

288 380 532 417 autumnusque
548 373 669 415 gravis,
690 373 860 405 Libitinae
874 376 1034 415 quaestus
1047 370 1200 405 acerbae.

290 426 458 458 Matutine
476 432 580 468 pater,
599 435 657 458 scu
676 425 758 457 Iane
775 423 932 458 libentius
947 422 1055 463 audis,
1283 438 1318 457 ιο

290 479 378 511 unde
395 478 547 510 homines
564 488 702 520 operum
720 476 845 520 primos
861 476 1016 520 vitaeque
1032 475 1166 510 labores

290 531 501 563 instituunt—
511 530 557 563 sic
573 530 626 562 dis
642 529 884 573 placitum—tu
897 527 1054 561 mrmiuis
1068 532 1143 562 esto

290 583 502 626 principium.
554 582 684 615 Romae
700 591 896 624 sponsorem
913 590 968 614 me
983 579 1096 624 rapis:
1122 579 1205 621 ‘eim

290 646 331 668 nc
349 636 438 679 prior
454 634 565 668 officio
581 635 758 677 quisquam
775 633 987 677 respondeat,
1006 631 1136 677 ungue.⁸

290 688 358 720 sive
377 687 503 731 Aquilo
519 687 604 719 radit
623 693 727 719 terras
742 697 799 719 seu
815 686 935 718 bruma
949 684 1097 718 nivalem

291 740 444 773 interiore
460 740 550 772 diem
567 749 649 781 gyro
665 738 780 778 trahit,
799 738 846 770 ire
861 746 997 770 necesse
1012 741 1072 769 at.

292 792 481 835 postmodo,
501 791 591 833 quod
610 791 653 822 mi
671 790 770 828 obsit,
790 789 878 822 clare
893 794 1088 831 certumque
1104 787 1218 822 locuto

294 843 484 876 iuctandum
504 843 536 875 in
554 842 650 874 turba
667 847 699 874 et
718 840 870 873 facienda
885 840 1006 872 iniuria
1022 839 1137 873 tardis.

296 897 305 912 ⁴
318 896 399 940 quid
416 896 476 934 vis,
497 895 622 932 insane,
643 900 674 926 et
692 904 775 937 quas
791 903 843 925 res
859 890 970 936 agis?
995 891 1168 935 improbus
1183 897 1302 937 urguet

293 948 384 981 iratis
400 947 554 991 precibus
570 959 577 979 :
605 948 614 963 ⁴
628 952 661 979 tu
679 945 791 989 pulses
807 955 907 978 omne
921 944 1013 988 quod
1029 944 1152 984 obstat,
1283 960 1318 985 30

291 1000 334 1033 ad
352 1001 585 1032 Maecenatem
602 998 741 1031 memori
757 998 784 1030 si
801 1002 913 1030 mente
929 994 1102 1030 recurras’

292 1053 356 1086 hoc
373 1053 462 1085 iuvat
479 1059 510 1085 et
528 1051 618 1084 melli
636 1056 697 1090 cst,
714 1060 780 1082 non
798 1049 951 1082 mentiar.
999 1053 1034 1081 at
1050 1047 1150 1081 simul
1164 1053 1255 1082 atras

292 1112 426 1138 ventum
443 1111 491 1137 est
512 1103 689 1147 Esquilias,
709 1102 818 1134 aliena
834 1101 970 1144 negotia
983 1106 1119 1134 eentum
1401 1099 1410 1154 j

292 1169 351 1202 per
365 1163 463 1200 caput
481 1163 513 1189 ct
531 1156 617 1189 circa
634 1155 756 1187 saliunt
774 1154 872 1186 latus.
924 1155 1024 1186 ‘ante
1039 1152 1223 1186 secundam
1389 1159 1410 1178 5

294 1211 434 1243 Roscius
450 1209 565 1242 orabat
583 1208 647 1241 sibi
663 1208 796 1240 adoesoe
811 1206 854 1239 ad
873 1204 990 1239 Puteal
1006 1215 1091 1239 cras-

291 1263 334 1296 de
350 1274 384 1296 re
398 1262 568 1296 communi
585 1261 714 1293 scribae
729 1269 853 1302 magna
867 1264 969 1302 atque
982 1267 1074 1291 nova
1087 1261 1121 1291 te

292 1316 431 1348 orabant
448 1314 549 1346 hodie
565 1312 783 1351 meminisses,
806 1310 945 1353 Quinte,
965 1309 1095 1343 reverti.

1042 0 1225 44 “r-:³⁷³-
1258 0 1290 19 γ.
1312 0 1337 4 .*
1380 0 1410 160 ,11

1405 172 1410 245 Ι

293 1367 461 1411 imprimat
478 1367 540 1405 his,
560 1375 649 1405 cura,
670 1365 852 1397 Maecenas
867 1363 964 1405 signa
980 1360 1142 1396 tabellis.'

291 1420 423 1458 dixeris,
443 1419 596 1462 experiar
610 1430 617 1450 :
646 1419 656 1434 ‘
668 1417 695 1449 si
712 1417 772 1456 vis,
791 1414 907 1460 potes’
923 1415 1019 1448 addit
1033 1419 1068 1448 et
1083 1415 1196 1448 instat.

291 1473 452 1515 septimus
467 1477 588 1504 octavo
604 1470 740 1513 propior
756 1469 823 1502 iam
840 1467 960 1511 sugerit
976 1477 1085 1500 annus
1283 1481 1320 1507 ⁴⁰

290 1535 330 1556 ex
346 1535 414 1567 quo
431 1525 610 1556 Maecenas
626 1533 680 1555 me
695 1522 807 1564 coepit
823 1520 948 1554 habere
963 1529 1100 1553 suorum

291 1577 324 1608 in
341 1587 490 1614 numero,
510 1576 685 1608 dumtaxat
694 1574 745 1606 ‘ad
760 1573 836 1613 hoc,
854 1582 957 1616 quem
973 1571 1092 1605 tollere
1106 1570 1209 1604 raeda

289 1628 389 1661 vellet
406 1629 468 1661 iter
484 1627 618 1666 faciens,
639 1632 672 1660 et
687 1626 740 1659 cui
754 1625 955 1658 concredere
969 1634 1078 1667 nugas

289 1680 354 1713 hoc
360 1691 480 1723 genus:
501 1679 788 1722 ‘horaquotaaest
800 1677 991 1710 Thraexoet
998 1675 1136 1710 Gallina
1143 1673 1319 1720 Syropar?

288 1733 453 1765 matutina
468 1743 585 1775 pamm
604 1736 719 1764 cautos
735 1730 803 1763 iam
819 1730 943 1773 frigora
959 1728 1115 1762 mordent
1126 1739 1138 1769 ς
1150 1727 1159 1742 ’

286 1790 319 1817 et
337 1795 423 1827 quae
439 1785 562 1816 rimosa
578 1784 664 1816 bene
680 1783 894 1825 deponuntur
905 1781 941 1814 in
956 1790 1046 1814 aure.

286 1847 347 1879 per
362 1842 470 1869 totum
485 1837 550 1869 hoc
567 1841 700 1878 tempus
715 1833 897 1867 subiectior
912 1833 947 1866 in
963 1833 1055 1866 diem
1069 1831 1234 1866 ethoram

285 1888 433 1921 invidiae
449 1894 571 1921 noster.
621 1887 719 1920 ludos
735 1890 944 1929 spectaverat
958 1895 1037 1925 una,

284 1941 409 1974 luserat
425 1941 460 1973 in
477 1940 632 1983 Campo:
659 1941 669 1956 ‘
682 1939 852 1972 Fortunae
867 1936 973 1971 filius’
988 1946 1117 1970 omnes.
