1458 2315
111 154 204 196 κη]

44 419 49 422 .
109 371 218 425 xm.

120 1823 220 1857 XIV.

381 155 663 187 CARMINUM
685 155 833 186 LIBER
860 155 889 186 I.
1125 164 1165 195 17

379 371 454 406 UM
472 375 519 411 tu,
542 371 662 414 Lydia,
685 370 833 414 Telephi

398 426 565 458 cervicem
581 436 727 465 roseam,
740 425 851 458 lactea
867 423 1015 468 Telephi

293 479 414 512 laudas
428 479 600 519 bracchia,
622 490 684 512 vae
701 489 817 511 meum
872 488 875 490 ·

246 532 380 566 fervens
396 532 526 565 difficili
543 532 612 565 bile
629 536 737 565 tumet
754 531 855 565 iecur.

291 642 366 671 tum
382 647 445 670 nec
462 647 559 670 mens
575 636 659 669 mihi
677 647 740 669 nec
756 635 852 669 color

246 697 339 726 certa
355 691 435 723 sede
451 694 579 730 manet,
599 700 700 722 umor
713 695 746 722 et
763 690 798 722 in
814 699 921 733 genas

290 744 408 778 furtim
423 744 562 783 labitur,
582 753 727 787 arguens

246 809 349 843 quam
361 797 462 831 lentis
478 797 615 841 penitus
631 807 782 830 macerer
798 796 946 840 ignibus.

290 914 380 943 uror,
402 914 461 936 seu
478 902 541 935 tibi
558 902 724 936 candidos

245 965 425 1004 turparunt
441 970 577 992 umeros
594 959 800 993 immodicae
817 969 913 992 mero
1131 973 1166 991 10

290 1018 393 1058 rixae,
415 1017 487 1050 sive
503 1027 589 1060 puer
604 1016 719 1049 furens

246 1071 418 1116 impressit
435 1081 624 1104 memorem
640 1070 743 1103 dente
760 1069 865 1102 labris
882 1073 1011 1102 notam.

291 1187 372 1217 non,
393 1177 421 1209 si
437 1187 492 1209 me
510 1177 591 1210 satis
605 1176 735 1215 audias,

247 1241 361 1274 speres
378 1234 590 1273 perpetuum,
614 1229 728 1262 dulcia
743 1228 888 1262 barbare

290 1284 486 1316 laedentem
502 1283 628 1322 oscula,
654 1293 743 1325 quae
758 1282 878 1315 Venus

247 1337 367 1381 quinta
379 1342 476 1380 parte
493 1336 544 1368 sui
561 1335 707 1369 nectaris
724 1334 859 1368 imbuit.

292 1442 408 1475 felices
425 1445 475 1474 ter
487 1445 520 1474 et
538 1440 685 1484 amplius

249 1507 335 1541 quos
351 1496 481 1539 irrupta
498 1499 591 1527 tenet
607 1493 742 1537 copula,
764 1503 826 1527 nec
843 1492 942 1526 malis

292 1550 445 1583 divolsus
462 1548 685 1592 querimoniis

247 1614 406 1648 suprema
423 1603 522 1637 citius
541 1601 651 1635 solvet
668 1611 764 1634 amor
780 1600 846 1634 die.
1126 1616 1162 1634 20

363 1820 529 1860 NAVIS,
550 1819 694 1853 referent
711 1819 746 1851 in
762 1829 855 1851 mare
872 1822 905 1851 te
922 1817 1002 1851 novi

370 1875 502 1908 fluctus.
552 1884 574 1906 o
591 1873 675 1916 quid
691 1874 788 1915 agis?
813 1872 945 1906 fortiter
962 1882 1092 1916 occupa

294 1933 443 1973 portum.
494 1938 609 1960 nonne
625 1927 721 1959 vides
737 1931 774 1960 ut

339 1982 470 2014 nudum
487 1981 630 2024 remigio
644 1980 744 2019 latus,
