1410 2283
900 90 917 105 ἱ

273 151 332 180 244
567 142 603 179 Q.
635 141 764 170 IIORA
774 140 804 169 T
802 141 823 170 l
847 139 935 170 FLA
941 139 969 170 C
969 140 1016 170 CI
1227 138 1290 179 [lx.

276 216 323 247 sic
339 225 412 257 ego,
432 214 566 246 maioris
584 214 712 256 fugiens
728 214 909 256 opprobria
924 213 1054 256 culpae,
1262 229 1296 246 10

276 267 392 298 frontis
408 267 451 298 ad
468 266 614 298 urbanae
630 266 785 298 descendi
802 265 960 308 praemia.
1009 265 1130 308 quodsi

276 318 466 360 depositum
483 318 598 349 laudas
615 318 660 349 ob
676 317 774 349 amici
791 317 878 349 iussa
894 317 1070 359 pudorem,

277 370 381 401 scribe
399 370 445 401 tui
462 370 570 411 gregis
587 369 674 401 hunc
691 375 723 401 et
741 369 859 401 sortem
876 368 974 401 crede
990 369 1194 411 bonumque.
1218 395 1221 405 ζ

1206 411 1229 423 -1

277 581 319 612 X.
460 580 568 613 RBIS
586 586 769 613 amatorem
785 581 927 614 Fuscum
944 581 1071 613 salvere
1088 579 1240 613 iubemus

479 633 561 664 ruris
577 639 742 665 amatores
758 646 767 672 ;
790 633 853 665 hac
869 633 903 665 in
919 644 953 666 re
970 633 1095 666 scilicet
1110 643 1178 665 una

277 684 418 715 multum
435 684 621 723 dissimiles,
643 690 675 716 at
692 691 800 717 cetera
816 696 900 727 pene
917 685 1052 727 gemelli

277 735 429 767 fraternis
445 736 575 774 animis,
596 737 757 778 quidquid
775 742 874 778 negat
891 737 984 776 alter,
1005 742 1037 769 et
1053 737 1149 776 alter,

278 788 454 819 annuimus
471 788 594 829 pariter
609 800 616 819 :
642 788 743 819 vetuli
760 789 897 829 notique
914 788 1073 828 columbi,

278 845 313 871 tu
330 839 444 870 nidum
462 850 582 876 servas,
603 849 666 880 ego
682 839 782 870 laudo
800 839 882 870 ruris
897 840 1031 871 amoeni

278 890 366 922 rivos
382 894 415 922 et
431 901 545 922 musco
561 890 746 921 circumlita
762 901 840 922 saxa
856 901 1048 933 nemusque.

279 942 361 984 quid
377 942 532 983 quaeris?
554 942 630 974 vivo
647 947 679 974 et
696 953 808 983 regno,
830 943 928 974 simul
944 943 1008 974 ista
1024 943 1142 986 reliqui

279 1004 365 1035 quae
380 1004 439 1025 vos
455 993 497 1025 ad
513 993 642 1025 caelum
659 994 781 1026 effertis
797 1005 927 1026 rumore
944 995 1102 1035 secundo,

279 1050 381 1087 utque
397 1045 577 1077 sacerdotis
594 1045 750 1086 fugitivus
766 1046 834 1077 liba
851 1056 965 1078 recuso
980 1057 990 1085 ;
1265 1062 1298 1079 ιο

279 1107 366 1138 pane
382 1107 464 1138 egeo
480 1097 547 1128 iam
563 1097 698 1129 mellitis
714 1097 843 1139 potiore
858 1097 1031 1140 placentis.

281 1149 391 1180 vivere
407 1152 545 1180 naturae
561 1148 587 1180 si
604 1149 841 1181 convenienter
856 1154 991 1192 oportet

280 1200 521 1242 ponendaeque
537 1201 640 1232 domo
656 1201 847 1242 quaerenda
862 1207 911 1233 est
927 1212 1003 1234 area
1019 1201 1172 1244 primurn,

280 1252 447 1283 novistine
464 1252 574 1283 locum
589 1253 756 1293 potiorem
772 1263 846 1285 rure
862 1253 963 1286 beato
976 1255 992 1286 ?

281 1309 330 1335 est
346 1303 402 1334 ubi
418 1303 492 1345 plus
508 1308 641 1345 tepeant
657 1303 794 1342 hiemes,
814 1305 872 1336 ubi
887 1305 1012 1346 gratior
1027 1316 1108 1338 aura

281 1355 383 1386 leniat
400 1360 432 1386 et
449 1355 574 1387 rabiem
594 1355 698 1387 Canis
713 1361 746 1387 et
763 1361 935 1388 momenta
951 1357 1086 1396 Leonis,
1393 1367 1405 1387 t

281 1417 356 1438 cum
372 1406 474 1438 semel
491 1407 618 1448 accepit
635 1406 739 1439 solem
756 1407 950 1441 furibundus
967 1410 1126 1441 acutum?
1395 1398 1405 1440 l-

281 1463 330 1489 est
346 1459 403 1489 ubi
419 1458 555 1490 divellat
572 1469 706 1490 somnos
722 1459 831 1491 minus
846 1460 961 1492 invida
976 1471 1055 1493 cura
1066 1462 1082 1493 ?
1391 1456 1393 1459 ⁸

281 1510 426 1542 deterius
443 1510 576 1551 Libycis
593 1510 660 1542 olet
678 1515 733 1542 aut
746 1511 829 1543 nitet
844 1511 949 1544 herba
965 1512 1114 1554 lapillis?

283 1562 396 1603 purior
412 1562 446 1592 in
464 1562 544 1593 vicis
560 1572 646 1603 aqua
663 1562 769 1594 tendit
787 1574 939 1605 rumpere
956 1563 1143 1606 plumbum,
1267 1579 1301 1596 ω

282 1623 382 1654 quam
399 1623 484 1655 quae
500 1624 559 1655 per
574 1624 715 1655 pronum
733 1615 876 1656 trepidat
893 1625 968 1647 cum
984 1626 1153 1650 murmure
1168 1616 1301 1649 rivum?

282 1675 404 1706 nempe
420 1665 505 1697 inter
520 1665 627 1696 varias
644 1666 787 1698 nutritur
803 1667 887 1698 silva
903 1667 1084 1708 columnas,

282 1715 501 1757 laudaturque
517 1716 636 1748 domus
652 1716 770 1759 longos
787 1727 872 1759 quae
889 1719 1051 1761 prospicit
1067 1730 1175 1762 agros.

283 1772 436 1798 naturam
452 1768 598 1809 expelles
615 1768 716 1807 furca,
736 1774 850 1801 tamen
866 1780 971 1812 usque
988 1777 1132 1804 recurret

283 1822 317 1849 et
332 1817 421 1849 mala
436 1825 627 1861 perrumpet
645 1820 757 1852 furtim
775 1820 908 1853 fastidia
924 1822 1052 1855 victrix.

284 1878 352 1900 non
368 1869 424 1910 qui
442 1869 582 1902 Sidonio
598 1871 799 1904 contendere
817 1873 956 1906 caHidus
973 1879 1063 1907 ostro

285 1919 388 1952 nescit
406 1920 610 1962 Aquinatem
627 1923 778 1964 potantia
796 1924 918 1958 vellera
935 1925 1057 1966 fucum,

1383 2032 1394 2065 ἰ’

1382 2070 1395 2106 i

1366 2111 1375 2146 J
1399 2118 1410 2141 >

1396 2148 1410 2179 t
