1410 2283
310 143 350 174 54
599 133 635 171 Q.
667 130 799 162 HORA
808 130 858 161 TI
881 127 1053 161 FLACCI
1243 124 1332 167 [xiv.

312 373 410 406 XIV.
539 371 643 406 HEU
661 370 810 415 fugaces,-
827 371 986 405 Postume
1003 370 1173 409 Postume,

558 424 715 457 labuntur
731 424 821 463 anni,
840 434 902 456 nec
918 423 1026 467 pietas
1041 433 1170 456 moram

489 476 579 520 rugis
596 482 628 509 et
645 476 779 509 instanti
797 480 951 509 senectae

535 528 661 562 adseret
679 528 930 570 indomitaeque
946 525 1045 560 morti
1059 538 1070 568 ς

446 657 513 678 non
529 646 557 679 si
574 647 712 679 trecenis
728 650 891 689 quotquot
908 650 988 679 eunt
1003 645 1086 685 dies

447 699 564 738 amice,
584 698 696 741 places
713 697 980 730 illacrimabilem

493 750 636 782 Plutona
652 750 766 788 tauris,
786 750 844 793 qui
861 755 911 782 ter
926 748 1078 792 amplum

535 802 714 845 Geryonen
730 802 922 844 Tityonque
937 801 1023 834 tristi

447 920 627 964 compescit
644 920 743 960 unda,
764 920 889 953 scilicet
905 919 1063 953 omnibus

447 974 648 1017 quicumque
664 979 770 1005 terrae
786 983 922 1005 munere
938 972 1104 1006 vescimur
1308 985 1344 1005 ιο

491 1025 710 1068 enaviganda,
729 1025 799 1058 sive
814 1035 908 1067 reges

535 1078 604 1109 sive
621 1078 738 1119 inopes
753 1077 876 1110 erimus
892 1075 1014 1110 coloni.

449 1194 567 1226 frustra
584 1199 721 1226 cruento
737 1194 848 1226 Marte
864 1194 1052 1228 carebimus

448 1246 625 1289 fractisque
642 1247 730 1279 rauci
747 1246 902 1279 fluctibus
918 1246 1083 1286 Hadriae,

490 1298 609 1331 frustra
624 1309 684 1341 per
699 1303 878 1331 autumnos
893 1303 1072 1332 nocentem

533 1351 730 1393 corporibus
745 1356 930 1384 metuemus
946 1351 1118 1384 Austrum.

447 1469 605 1502 visendus
620 1474 692 1502 ater
711 1469 849 1502 flumine
864 1469 1026 1512 languido

447 1521 593 1563 Cocytos
609 1532 722 1554 errans
740 1527 772 1554 et
790 1522 901 1554 Danai
916 1532 1024 1564 genus

490 1574 614 1606 infame
630 1575 873 1618 damnatusque
888 1574 981 1616 longi

535 1626 699 1668 Sisyphus
716 1626 878 1659 Aeolides
893 1625 1029 1658 laboris.
1307 1640 1344 1660 ω

445 1741 628 1785 linquenda
643 1742 742 1775 tellus
758 1746 791 1775 et
807 1742 929 1774 domus
943 1746 978 1775 et
992 1741 1131 1784 placens

444 1804 537 1834 uxor,
559 1805 668 1837 neque
685 1795 804 1827 harum
821 1805 904 1838 quas
918 1794 1003 1828 colis
1017 1794 1174 1828 arborum

487 1851 522 1878 te
537 1853 668 1888 praeter
684 1846 808 1879 invisas
824 1856 999 1889 cupressos

531 1898 601 1930 ulla
615 1899 752 1932 brevem
768 1898 944 1932 dominum
959 1902 1125 1942 sequetur.
