1458 2315
122 179 185 205 vn.
198 173 204 214 Ι
367 170 427 203 SA
436 172 467 203 T
467 171 586 203 IRAR
593 172 670 203 UM
693 171 838 203 LIBER
864 172 913 203 II.
1103 182 1165 212 219

125 405 209 440 VII.
234 405 244 422 ‘
299 404 566 439 AMDUDUM
586 405 738 438 ausculto
756 408 788 438 et
816 404 956 448 cupiens
973 404 1036 437 tibi
1052 404 1164 438 dicere

410 470 525 491 servus

126 522 234 554 pauca
249 510 458 544 reformido.'
507 512 696 544 Davusne?
724 512 800 551 ‘ita‚
821 505 950 551 Davus,
972 510 1119 544 amicum

125 564 334 607 mancipium
350 564 491 597 domino
509 569 542 597 et
558 564 646 606 frugi
662 565 753 608 quod
771 565 813 597 sit
830 565 920 604 satis,
941 564 1007 597 hoc
1024 570 1083 605 est,

126 622 163 649 ut
177 617 281 650 vitale
297 615 420 660 putes.'
467 628 540 660 age,
562 617 718 650 libertate
733 618 928 657 Decembri,

127 669 264 712 quando
280 670 328 702 ita
344 669 489 702 maiores
505 669 695 709 voluerunt,
716 675 810 703 utere
823 682 832 710 ;
857 681 964 702 narra.

131 723 140 738 ‘
150 733 229 766 pars
243 721 422 755 hominum
439 722 529 755 vitiis
545 722 672 765 gaudet
688 728 882 755 constanter
899 728 932 755 et
948 728 1067 766 urguet

128 775 338 819 propositum
351 787 362 816 ;
385 786 464 818 pars
479 775 588 808 multa
604 780 708 815 natat,
729 776 834 808 modo
851 780 942 808 recta
959 787 1147 819 capessens,

128 827 296 861 interdum
311 828 424 871 pravis
439 828 597 860 obnoxia.
644 839 746 871 saepe
762 833 898 861 notatus

127 891 205 914 cum
220 881 327 914 tribus
343 881 474 920 anellis,
494 882 599 914 modo
616 881 713 915 laeva
730 882 864 914 Priscus
881 882 986 922 inani,

128 935 211 968 vixit
227 935 424 978 inaequalis,
449 934 583 967 clavum
598 939 636 967 ut
651 940 797 968 mutaret
814 936 850 967 in
865 935 976 975 horas,
1136 951 1170 969 10

128 988 269 1021 aedibus
286 999 327 1021 ex
345 988 477 1031 magnis
496 988 608 1020 subito
625 999 660 1020 se
676 989 837 1021 conderet
852 989 943 1022 unde

129 1041 288 1074 mundior
306 1041 410 1073 exiret
427 1041 485 1073 vix
501 1041 679 1073 libertinus
694 1041 848 1082 honeste,

126 1094 196 1128 iam
215 1094 376 1128 moechus
396 1094 536 1134 Romae,
559 1094 628 1126 iam
643 1094 760 1127 mallet
778 1094 897 1127 doctus
914 1094 1060 1128 Athenis

128 1148 251 1188 vivere,
278 1147 486 1186 Vertumnis,
507 1151 674 1189 quotquot
691 1151 779 1186 sunt,
799 1152 898 1180 natus
914 1148 1050 1190 iniquis.

127 1212 242 1234 scurra
264 1199 477 1238 Volanerius‚
498 1204 681 1241 postquam
696 1199 745 1230 illi
763 1199 850 1232 iusta
866 1200 1027 1243 cheragra

125 1254 282 1288 contudit
298 1253 468 1292 articulos,
491 1252 550 1294 qui
564 1262 626 1294 pro
643 1263 678 1284 se
694 1252 827 1285 tolleret
844 1257 946 1295 atque

125 1308 328 1351 mitteretssin
346 1307 503 1350 phimum
523 1304 619 1344 talos,
641 1305 797 1338 mercede
813 1306 936 1338 diurna

125 1361 333 1393 conductum
351 1359 446 1403 pavit
465 1371 474 1399 ;
500 1363 628 1401 quanto
645 1358 853 1390 constantior
868 1359 977 1392 isdem

125 1413 161 1446 in
178 1414 278 1453 vitiis,
299 1418 394 1446 tanto
414 1412 523 1445 levius
539 1412 641 1444 miser
657 1422 696 1444 ac
712 1412 805 1454 prior
821 1412 879 1444 ille

125 1467 183 1510 qui
201 1467 271 1499 iam
287 1470 458 1505 contento,
486 1465 556 1498 iam
573 1465 650 1497 laxo
667 1464 746 1497 fune
761 1464 918 1498 laborat.’
1137 1482 1172 1501 20

123 1530 194 1552 non
211 1519 303 1552 dices
319 1519 420 1552 hodie
438 1529 600 1561 quorsum
622 1518 707 1550 haec
723 1522 793 1549 tam
810 1518 930 1560 putida
945 1519 1097 1560 tendant,

125 1573 284 1606 furcifer?
303 1573 313 1588 ‘
324 1572 368 1605 ad
385 1577 428 1611 te,
447 1570 609 1614 inquam.’
631 1581 700 1614 quo
714 1576 824 1613 pacm,
842 1572 1013 1614 pessime?
1033 1572 1172 1607 ‘laudas

124 1626 295 1658 fortunam
312 1629 345 1657 et
361 1635 472 1657 mores
489 1625 647 1667 antiquae
669 1623 780 1667 plebis
793 1635 804 1664 ;
827 1628 860 1656 et
878 1625 979 1664 idem,

125 1679 231 1722 siquis
247 1678 291 1710 ad
308 1677 367 1710 illa
383 1678 467 1710 deus
480 1677 592 1709 subito
610 1682 644 1710 te
661 1682 750 1720 agat,
773 1688 878 1720 usque
894 1688 1036 1718 recuses,

126 1734 184 1764 aut
201 1731 280 1774 quia
296 1741 366 1762 non
382 1731 486 1763 sentis
503 1730 595 1773 quod
611 1731 739 1764 clamas
756 1732 877 1764 rectius
896 1742 978 1771 esse,

127 1790 185 1818 aut
202 1784 282 1828 quia
299 1794 368 1815 non
385 1783 500 1816 firmus
517 1788 646 1816 rectum
663 1784 828 1824 defendis,
851 1789 884 1818 et
902 1784 1019 1818 haeres

128 1836 337 1880 nequiquam
353 1846 459 1868 caeno
476 1836 616 1878 cupiens
633 1837 777 1870 evellere
795 1838 957 1880 plantam.

127 1891 262 1923 Romae
280 1899 335 1921 rus
351 1894 458 1931 optas,
481 1889 657 1921 absentem
675 1891 817 1923 rusticus
833 1891 953 1924 urbem

128 1937 222 1972 tollis
239 1940 283 1972 ad
299 1945 390 1973 astra
406 1941 499 1973 levis.
552 1940 579 1973 si
596 1952 764 1984 nusquam
781 1955 816 1976 es
833 1944 920 1978 forte
937 1950 1077 1979 vocatus

127 1990 173 2024 ad
190 2001 319 2033 cenam,
340 1993 458 2026 laudas
476 2004 630 2026 securum
648 1995 747 2028 holus
764 2007 814 2038 ac,
837 1998 928 2031 velut
946 2010 1089 2042 usquam
1141 2016 1175 2040 30
