1458 2315
153 111 251 154 vr11.]

159 1203 265 1238 VIII.

402 105 683 140 CARMINUM
704 103 851 135 LIBER
878 103 946 133 III.
1162 109 1201 138 77

289 187 436 220 frustra:
459 195 542 217 nam
559 180 709 226 scopulis
727 179 860 214 surdior
875 177 965 210 Icari

288 250 390 274 voces
406 238 502 271 audit
519 236 631 270 adhuc
646 235 788 277 integer.
839 237 873 265 at
891 231 955 264 tibi

335 304 378 326 ne
395 292 526 324 vicinus
544 290 696 332 Enipeus

380 345 458 390 plus
474 345 563 377 iusto
580 343 714 386 placeat
730 351 834 374 cave:

288 467 446 512 quamvis
461 476 531 498 non
548 464 634 497 alius
651 463 786 495 flectere
803 470 930 503 equum
947 458 1056 492 sciens

290 531 400 565 aeque
415 518 623 562 conspicitur
639 516 793 560 gramine
812 513 951 553 Manio,

334 585 400 608 nec
415 573 597 617 quisquam
614 570 700 603 citus
717 579 825 612 aeque

378 627 495 660 Tusco
511 626 651 659 denatat
667 623 777 656 alveo.

291 750 403 794 prima
417 751 518 781 nocte
534 746 677 778 domum
694 742 815 776 claude
831 752 943 785 neque
959 741 995 773 in
1011 740 1084 773 vias

291 803 355 838 sub
371 806 473 836 mutu
490 798 650 844 querulae
666 797 804 841 despice
819 796 924 829 tibiae
937 808 948 837 ;
1171 808 1204 832 30

336 861 371 891 et
386 861 420 889 te
435 864 538 897 saepe
553 851 693 885 vocanti

378 910 501 944 duram
515 906 664 942 difficilis
679 915 792 938 mane.

415 1199 587 1234 ARTIIS
605 1198 739 1232 caelebs
756 1196 839 1240 quid
860 1207 960 1239 agam
976 1194 1154 1236 Kalendis,

437 1254 521 1297 quid
536 1252 644 1285 velint
660 1251 759 1284 flores
775 1255 808 1283 et
826 1261 940 1282 acerra
956 1250 1039 1282 turis

322 1308 402 1342 lena
417 1306 550 1340 miraris
566 1305 766 1348 positusque
782 1303 884 1336 carbo
900 1303 936 1335 in

477 1359 626 1403 caespite
642 1358 730 1397 vivo,

297 1484 398 1518 docte
414 1491 586 1516 sermones
602 1479 775 1522 utriusque
791 1477 952 1520 linguae?

296 1546 459 1570 voveram
474 1533 583 1567 dulcis
599 1531 719 1575 epulas
735 1536 768 1565 et
784 1531 902 1563 album

297 1591 425 1624 Libero
441 1598 583 1632 caprum
599 1596 707 1630 prope
723 1585 894 1618 funeratus

476 1640 607 1674 arboris
623 1639 702 1672 ictu.

298 1765 355 1798 hic
371 1764 444 1797 dies
460 1774 550 1796 anno
566 1762 730 1796 redeunte
746 1759 850 1793 festus

299 1817 463 1852 corticem
479 1815 679 1849 adstrictum
695 1815 770 1858 pice
788 1811 978 1846 dimovebit
1179 1826 1212 1843 10

301 1871 487 1915 amphorae
503 1869 634 1902 fumum
649 1868 768 1901 bibere
783 1865 958 1900 institutae

479 1921 619 1956 consule
634 1920 751 1954 Tullo.
