1410 2283
330 136 386 174 ¹36

324 1037 371 1071 ΙΙ.

613 136 648 173 Q.
681 133 812 165 HORA
822 133 872 164 TI
894 132 1066 165 FLACCI

415 208 557 242 libenter
571 208 636 241 hoc
652 212 685 241 et
701 219 801 242 omne
818 207 1017 241 militabitur

458 261 586 294 bellum
603 261 636 293 in
653 265 728 293 tuae
745 271 839 303 spem
855 260 992 303 gratiae,

414 324 482 345 non
498 319 533 345 ut
550 313 697 345 iuvencis
715 312 842 354 illigata
858 312 1009 355 pluribus

459 370 567 397 aratra
584 366 732 397 nitantur
747 375 848 404 mea„

414 428 557 461 pecusve
575 417 729 450 Calabris
744 423 822 449 ante
838 416 930 449 sidus
947 415 1111 450 fervidum

458 471 596 502 Lucana
612 474 717 501 mutet
735 469 876 511 pascuis,

415 533 523 564 neque
540 526 575 554 ut
593 521 726 564 superni
744 520 823 553 villa
840 519 987 553 candens
1002 519 1140 554 Tusculi

456 575 596 606 Circaea
612 577 727 616 tangat
743 573 886 606 moenia.

414 626 493 658 satis
509 637 673 668 superque
689 637 743 658 me
759 625 950 668 benignitas
966 630 1023 658 tua

457 679 576 710 ditavit
593 690 600 710 :
624 678 713 710 haud
730 688 891 720 paravero

413 730 504 773 qnod
521 734 576 762 aut
594 740 712 762 avarus
728 734 764 761 ut
781 724 942 762 Chremes
958 733 1045 762 terra
1061 739 1222 773 premam,

456 782 637 815 discinctus
653 786 708 813 aut
726 781 864 824 perdam
880 791 996 824 nepos.

413 1038 422 1054 ‘
504 1037 664 1071 EATUS
684 1037 739 1070 ille
752 1037 808 1080 qui
825 1036 941 1080 procul
958 1036 1111 1080 negotiis,

570 1096 605 1122 ut
623 1090 730 1132 prisca
747 1099 827 1131 gens
844 1088 1049 1129 mortalium,

409 1148 548 1184 paterna
564 1153 640 1174 rura
656 1142 764 1174 bobus
780 1146 911 1174 exercet
927 1141 996 1174 suis

451 1195 578 1227 solutus
594 1195 686 1227 omni
703 1193 825 1233 senore,

407 1257 516 1289 neque
533 1247 695 1279 excitatur
710 1246 849 1278 classico
864 1245 961 1278 miles
978 1245 1074 1285 truci,

450 1310 558 1342 neque
575 1299 686 1331 horret
703 1299 823 1330 iratum
839 1309 940 1338 mare,

407 1351 436 1383 F
439 1361 601 1393 orumque
617 1351 701 1383 vitat
717 1355 749 1383 et
767 1351 912 1393 superba
926 1348 1051 1383 civium

450 1403 679 1445 potentiorum
695 1402 824 1434 limina.

407 1465 487 1497 ergo
503 1459 559 1487 aut
575 1455 690 1488 adulta
706 1454 825 1486 vitium
841 1453 1026 1496 propagine

447 1507 532 1540 altas
547 1507 682 1539 maritat
698 1506 852 1549 populos,

404 1563 461 1592 aut
478 1559 512 1591 in
529 1559 665 1591 reducta
679 1558 767 1591 valle
783 1557 1003 1600 mugientium

446 1616 642 1653 prospectat
660 1610 799 1643 errantis
814 1620 944 1652 greges,

402 1662 570 1695 inutilisve
586 1662 670 1695 falce
687 1673 796 1695 ramos
812 1666 990 1704 amputans

445 1714 610 1746 feliciores
627 1714 753 1753 inserit,

400 1771 456 1798 aut
473 1777 587 1808 pressa
603 1766 694 1808 puris
711 1765 812 1798 mella
828 1765 943 1798 condit
959 1763 1131 1808 amphoris

443 1823 500 1850 aut
515 1819 632 1850 tondet
647 1818 796 1850 infirmas
811 1818 884 1850 ovis
899 1830 908 1850 t

401 1880 442 1901 ve
458 1869 548 1901 lcum
563 1870 722 1902 decorum
738 1870 875 1902 mitibus
890 1869 1000 1912 pomis
1016 1873 1116 1912 caput

441 1922 632 1954 Autumnus
648 1922 735 1964 agris
751 1922 881 1960 extulit,

1320 588 1354 613 30

1313 1519 1348 1538 10
