1458 2315
145 145 267 188 xv111.]
370 146 730 178 EPISTULARUM
751 146 896 176 LIBER
923 147 951 176 l.
1119 153 1180 185 255

146 221 204 255 hic
219 221 309 255 subit
325 226 358 255 et
374 222 508 265 perfert.
559 225 616 254 aut
632 221 738 255 virtus
754 233 880 254 nomen
896 221 997 254 inane
1014 225 1076 262 est,

146 280 206 308 aut
221 276 324 308 decus
340 280 373 308 et
389 275 535 318 pretium
551 280 640 307 recte
657 275 742 318 petit
759 275 935 318 experiens
950 275 1013 307 vir.

146 339 262 362 coram
278 339 357 371 rege
372 339 431 360 sua
447 328 490 360 de
505 332 704 371 paupertate
721 332 871 360 tacentes

146 381 224 426 plus
239 386 400 424 poscente
416 381 524 414 ferent
543 394 551 413 z
575 381 677 413 distat
695 391 850 413 sumasne
867 380 1034 424 pudenter

148 445 193 466 an
209 435 330 477 rapias.
377 434 470 476 atqui
487 445 598 466 rerum
614 439 714 476 caput
732 434 796 466 hoc
813 439 894 473 erat,
915 434 971 466 hic
988 433 1073 467 fons.

154 487 330 520 ‘indotata
345 487 429 519 mihi
447 497 540 519 soror
556 492 616 526 est,
637 479 847 529 paupercula*
859 492 978 526 mater,

148 546 183 573 et
199 540 322 572 fundus
338 551 400 572 nec
416 539 596 573 vendibilis
613 550 675 571 nec
691 550 828 582 pascere
845 539 960 572 firmus
975 538 982 552 ’

148 593 208 636 qui
223 593 316 633 dicit,
337 593 460 625 clamat
480 593 488 608 ‘
499 592 626 625 victum
642 590 746 624 date.’
793 592 934 624 succinit
950 591 1035 625 alter

154 647 208 679 ‘et
223 646 308 678 mihi
324 646 463 678 dividuo
481 645 625 677 findetur
641 655 779 677 munere
796 644 951 687 quadra.'

150 699 209 732 sed
227 699 348 732 tacitus
364 698 456 741 pasci
472 698 500 730 si
516 702 629 741 posset
645 708 775 736 corvus,
796 698 936 730 haberet
1152 712 1186 737 50

150 751 227 795 plus
241 751 338 794 dapis
355 756 388 784 et
404 751 494 783 rixae
510 750 619 782 multo
634 751 746 782 minus
764 750 990 792 invidiaeque.

151 805 369 837 Brundisium
385 814 498 836 eomes
514 808 571 835 aut
589 803 787 836 Surrentum
805 803 925 835 ductus
942 813 1124 835 amoenum

150 858 210 902 qui
227 858 377 901 queritur
393 857 541 890 salebras
558 861 591 890 et
607 857 765 889 acerbum
785 856 888 899 frigus
905 862 937 889 et
954 856 1083 896 imbris,

151 915 210 944 aut
227 911 346 944 cistam
362 910 534 943 effractam
550 914 582 943 et
600 909 766 942 subducta
782 910 905 942 viatica
922 909 1044 951 plorat,

152 969 234 997 nota
250 963 350 996 refert
366 962 549 996 meretricis
566 962 734 1002 acumina,
755 973 854 1005 saepe
870 962 1040 1001 catellam,

107 1043 113 1049 .
153 1028 255 1060 saepe
271 1016 507 1060 periscelidem
523 1022 655 1058 raptam
672 1016 736 1048 sibi
753 1015 874 1054 flentis,
895 1015 945 1047 uti
962 1026 1041 1047 mox

154 1070 250 1102 nulla
266 1069 349 1101 fides
365 1069 498 1100 damnis
513 1069 667 1111 verisque
685 1068 860 1100 doloribus
876 1068 975 1100 adsit.

155 1133 218 1155 nec
234 1121 339 1154 semel
355 1121 468 1153 irrisus
485 1121 589 1153 triviis
606 1120 760 1152 attollere
776 1124 870 1152 curat

155 1175 263 1208 fracto
279 1184 372 1206 crure
390 1173 541 1215 planum,
561 1172 639 1204 licet
657 1172 705 1204 illi
723 1172 868 1215 plurima
885 1177 1000 1205 manet

155 1228 306 1266 lacrima,
326 1237 386 1269 per
403 1230 555 1258 sanctum
573 1225 699 1257 iuratus
715 1226 806 1258 dicat
823 1225 952 1258 Osirim
1154 1233 1193 1259 60

161 1286 171 1300 ⁸
183 1282 321 1323 credite,
339 1292 407 1315 non
425 1281 506 1313 ludo
522 1292 529 1313 :
553 1280 716 1319 crudeles,
737 1281 844 1313 tollite
862 1281 1018 1313 claudum
1035 1281 1062 1314 :’

161 1338 305 1380 ‘quaere
321 1332 552 1378 peregrinum’
570 1333 694 1366 vicinia
711 1345 810 1366 rauca
826 1334 998 1367 reclamat.

160 1542 303 1576 XVIII.
409 1541 424 1574 I
441 1541 528 1574 bene
545 1544 578 1573 te
595 1540 684 1580 novi,
705 1544 844 1580 metues,
863 1540 1034 1574 liberrime
1053 1540 1155 1580 Lolli,

429 1593 610 1627 scurrantis
640 1593 788 1635 speciem
820 1593 989 1636 praebere,
1025 1593 1192 1637 professus

518 1656 676 1678 amicum.

163 1705 200 1734 ut
217 1706 371 1734 matrona
388 1701 554 1734 meretrici
572 1701 687 1743 dispar
703 1699 765 1732 erit
783 1703 883 1740 atque

163 1754 320 1794 discolor,
342 1754 447 1787 infido
462 1765 594 1787 scurrae
611 1754 750 1786 distabit
767 1751 903 1784 amicus

164 1812 214 1839 est
230 1807 309 1839 huic
325 1807 495 1840 diversum
512 1807 595 1839 vitio
612 1807 730 1838 vitium
750 1817 856 1849 prope
874 1803 990 1843 maius,

164 1860 328 1903 asperitas
344 1859 485 1902 agrestis
501 1864 533 1892 et
551 1859 751 1891 inconcinna
767 1859 956 1902 gravisque,

165 1923 252 1955 quae
270 1923 306 1945 se
321 1912 537 1945 commendat
555 1918 651 1945 tonsa
668 1918 753 1952 cute,
773 1913 931 1945 dentibus
948 1911 1038 1950 atris,

165 1965 248 1998 dum
266 1965 337 1998 volt
354 1965 491 1998 libertas
508 1965 575 1998 dici
593 1976 686 1998 mera
703 1976 848 2008 veraque
865 1967 980 1998 virtus.
