1426 2315
422 143 491 174 DE
517 141 654 174 ARTE
681 140 774 172 POE
782 141 902 173 TICA.

148 217 273 259 fabula,
293 228 380 262 quae
396 218 492 262 posci
508 217 580 251 volt
596 221 630 251 et
646 220 798 260 spectata
811 216 932 260 reponi
948 227 958 256 ;

146 283 209 305 nec
225 272 308 305 deus
321 271 452 304 intersit
467 270 533 303 nisi
550 271 673 314 dignus
689 270 826 303 vindice
841 270 952 302 nodus

147 325 303 358 inciderit
315 337 326 366 ς
349 335 412 357 nec
429 328 548 367 quarta
564 323 658 366 loqui
675 334 820 367 persona
836 323 979 356 laboret.

146 378 272 410 actoris
287 377 393 421 partis
410 377 532 410 chorus
549 377 766 419 officiumque
782 376 880 409 virile

145 431 318 471 defendat,
337 441 404 463 neu
420 430 503 473 quid
520 430 652 463 medios
668 429 850 462 intercinat
867 433 961 462 actus

146 484 239 527 quod
255 495 326 516 non
341 484 520 527 proposito
537 483 705 516 conducat
723 486 755 516 et
772 483 910 517 haereat
927 487 1016 526 apte.

145 536 205 570 ille
218 536 319 570 bonis
336 537 517 580 faveatque
534 541 567 569 et
583 536 782 569 consilietur
797 536 906 569 amice

147 593 181 622 et
197 594 291 633 regat
308 591 411 623 iratos
427 594 461 622 et
477 594 569 622 amet
587 600 730 632 peccare
750 589 914 629 timentis,

145 642 204 676 ille
220 643 327 686 dapes
343 643 458 675 laudet
475 653 612 675 mensae
629 641 752 682 brevis,
773 642 830 675 ille
847 642 1017 675 salubrem

147 695 310 728 iustitiam
327 695 487 738 legesque
504 699 537 728 et
554 695 679 738 apertis
695 695 766 728 otia
779 695 896 738 portis,

145 748 204 781 ille
220 752 312 792 tegat
327 749 520 788 commissa,
536 749 685 791 deosque
702 752 856 791 precetur
872 753 905 780 et
922 751 994 781 oret

145 805 183 834 ut
198 801 314 834 redeat
330 802 472 841 miseris,
494 801 595 834 abeat
611 801 746 834 fortuna
763 801 928 844 superbis.

145 854 230 887 tibia
246 865 316 887 non
331 859 367 887 ut
384 864 474 887 nunc
491 854 661 887 orichalco
677 854 791 887 vincta
807 855 977 897 tubaeque

146 907 290 947 aemula,
311 907 371 940 sed
388 907 499 940 tenuis
517 907 729 949 simplexque
743 907 909 939 foramine
926 917 1036 950 pauco

145 960 318 1003 adspirare
333 964 367 993 et
383 961 504 993 adesse
520 960 630 992 choris
647 964 719 993 erat
737 960 829 992 utilis
844 965 947 1002 atque

145 1013 298 1046 nondum
315 1013 423 1056 spissa
439 1012 540 1045 nimis
555 1012 715 1055 conplere
733 1013 853 1045 sedilia
869 1013 949 1045 flatu
966 1024 975 1045 :

97 1088 103 1094 -
145 1077 215 1110 quo
232 1076 314 1098 sane
330 1065 477 1109 populus
492 1065 723 1105 numerabilis,
745 1070 864 1108 utpote
880 1076 1014 1108 parvus,

145 1124 180 1152 et
195 1119 282 1162 frugi
299 1123 478 1162 castusque
494 1119 770 1161 verecundusque
787 1119 912 1152 coibat.

145 1177 328 1215 postquam
342 1172 454 1215 coepit
471 1182 570 1215 agros
587 1171 767 1204 extendere
786 1171 893 1205 victor
909 1175 942 1204 et
959 1170 1058 1205 urbes

145 1225 248 1258 latior
265 1225 427 1268 amplecti
444 1235 570 1264 miuus,
591 1224 740 1267 vinoque
759 1225 881 1257 diurno

146 1278 273 1322 placari
292 1278 421 1312 Genius
439 1277 532 1311 festis
551 1278 688 1321 impune
706 1278 834 1317 diebus,

144 1332 283 1364 accessit
301 1331 516 1374 numerisque
532 1331 710 1374 modisque
726 1330 864 1363 licentia
881 1330 1000 1363 maior.

143 1384 300 1418 indoctus
316 1385 397 1428 quid
416 1385 505 1418 enim
523 1388 654 1427 saperet
671 1383 823 1426 liberque
840 1383 996 1417 laborum

144 1437 286 1470 rusticus
303 1438 434 1471 urbano
451 1437 620 1477 confusus,
641 1437 747 1479 turpis
764 1437 908 1469 honesto
919 1437 935 1469 ?

144 1490 192 1523 sic
208 1490 338 1533 priscae
356 1495 553 1533 motumque
569 1494 602 1523 et
618 1489 782 1522 luxuriem
800 1489 932 1522 addidit
949 1489 1013 1521 arti

145 1542 282 1582 tibicen,
304 1543 470 1586 traxitque
488 1553 592 1585 vagus
609 1554 668 1586 per
685 1542 816 1585 pulpita
833 1546 960 1575 vestem
975 1554 985 1582 ς

145 1595 193 1628 sic
209 1595 313 1628 etiam
332 1595 454 1628 fidibus
471 1606 571 1628 voces
587 1606 721 1628 crevere
738 1595 872 1633 severis,

145 1652 178 1680 et
196 1648 271 1681 tulit
289 1647 460 1691 eloquium
477 1648 649 1680 insolitum
667 1647 826 1679 facundia
842 1657 1013 1690 praeceps,

145 1701 347 1743 utiliumque
363 1712 465 1743 sagax
483 1712 594 1733 rerum
611 1705 642 1732 et
660 1700 776 1731 divina
792 1699 892 1731 futuri

147 1754 314 1796 sortilegis
330 1764 399 1786 non
416 1754 601 1796 discrepuit
618 1753 785 1785 sententia
804 1751 962 1794 Delphis.

146 1807 296 1839 carmine
312 1807 369 1848 qui
387 1807 515 1849 tragico
535 1806 635 1838 vilem
653 1805 791 1838 certavit
807 1805 850 1837 ob
868 1805 1010 1845 hircum,

146 1870 226 1892 mox
243 1859 345 1892 etiam
362 1860 502 1902 agrestis
521 1861 660 1901 Satyros
676 1858 826 1898 nudavit,
847 1863 880 1890 ct
898 1869 997 1901 asper

146 1912 308 1945 ineolumi
325 1913 490 1955 gravitate
509 1912 618 1944 iocum
637 1912 826 1954 temptavit,
847 1922 887 1944 eo
904 1911 997 1954 quod

148 1965 317 1999 illecebriS
333 1969 402 1998 crat
420 1970 450 1998 et
468 1971 563 2009 grata
581 1964 731 1998 novitate
750 1965 931 1997 morandus

1127 143 1186 181 285

1138 232 1187 258 190

1137 763 1188 780 200

1136 1293 1187 1310 210

1134 1820 1185 1838 220
