1426 2315
393 148 463 180 DE
489 149 629 180 ARJE
654 149 876 180 POETICA.
1099 151 1161 189 289

113 225 247 259 discunt
263 225 299 258 in
315 228 429 269 partes
445 228 583 259 centum
598 225 769 259 diducere.
823 226 834 242 ‘
844 225 936 259 dicat

114 279 203 313 filius
220 279 356 313 Albini:
383 280 412 312 si
428 279 472 312 de
488 279 678 322 quincunce
695 283 825 312 remota
842 284 892 312 est

113 331 224 371 uncia,
244 330 328 374 quid
343 332 504 374 superat?
526 336 662 373 poteras
679 329 829 363 dixisse!
879 331 889 347 ‘
900 328 1032 364 triens.'
1083 331 1092 347 ‘
1104 341 1156 365 eu.

113 395 186 417 rem
201 384 329 427 poteris
346 394 479 417 servare
496 388 603 416 tuam.
652 383 740 416 redit
756 383 867 423 uncia,
888 384 970 427 quid
988 384 1050 417 fit?
1064 382 1072 398 '

117 437 128 453 ‘
140 435 269 470 semis.’
313 448 368 477 an,
388 437 474 469 haec
489 436 622 469 animos
638 447 763 480 aerugo
780 441 814 469 et
830 448 910 470 cura
926 437 1041 480 peculi
1111 453 1162 477 330

114 501 193 524 cum
209 490 315 523 semel
331 489 503 530 imbuerit,
525 500 700 533 speramus
718 490 868 523 carmina
884 490 968 533 fingi

114 554 215 588 posse
230 543 370 577 linenda
385 543 487 576 cedro
503 548 537 576 et
554 543 621 576 levi
637 543 803 576 servanda
818 554 977 586 cupresso
991 545 1006 577 ?

113 602 173 630 aut
188 598 351 640 prodesse
367 597 486 629 volunt
504 601 562 629 aut
579 596 749 629 delectare
764 602 888 639 poetae

114 654 172 683 aut
189 650 291 683 simul
307 655 341 683 et
357 650 504 682 iucunda
521 654 554 682 et
570 649 695 683 idonea
710 649 823 682 dicere
839 650 938 682 vitae.

114 703 283 746 quidquid
299 703 498 746 praecipies,
519 706 592 736 esto
609 702 733 742 brevis,
752 707 789 735 ut
806 703 874 735 cito
891 703 983 736 dicta

114 756 306 799 percipiant
323 756 429 788 animi
446 755 574 788 dociles
591 759 799 798 teneantque
816 755 934 789 fideles
951 768 959 788 ε

114 819 217 842 omne
232 819 478 852 supervacuum
494 808 598 851 pleno
613 809 657 841 de
673 814 812 851 pectore
827 813 955 842 manat.

114 861 196 895 ficta
212 862 397 905 voluptatis
413 872 516 894 eausa
533 862 600 894 sint
617 862 775 905 proxima
791 862 889 903 veris,

113 927 158 950 ne
173 916 412 960 quodcumque
427 915 511 948 velit
526 920 646 959 poscat
662 916 727 948 sibi
743 915 858 948 sabula
875 916 978 956 credi,

113 980 181 1003 neu
198 980 342 1013 pransae
359 969 500 1002 Lamiae
516 969 634 1002 vivum
650 980 794 1012 puerum
811 970 964 1003 extrahat
982 970 1069 1003 alvo.
1110 986 1162 1011 340

115 1023 288 1056 centuriae
305 1022 477 1055 seniorum
495 1023 627 1065 agitant
643 1023 795 1066 expertia
811 1023 926 1066 frugis,

78 1091 85 1098 ·
115 1076 197 1109 celsi
213 1079 429 1119 praetereunt
446 1080 579 1108 austera
595 1080 756 1118 poemata
773 1076 924 1109 Ramnes
938 1089 948 1117 ;

115 1141 218 1164 omne
234 1130 312 1162 tulit
328 1134 494 1172 punctum
511 1130 569 1172 qui
586 1130 721 1162 miscuit
738 1130 821 1162 utile
838 1130 940 1170 dulci,

115 1183 279 1217 lectorem
296 1182 501 1216 delectando
517 1182 710 1225 pariterque
726 1183 908 1216 monendo.

114 1235 172 1269 hic
187 1240 295 1269 meret
311 1247 389 1269 aera
404 1235 491 1269 liber
509 1236 617 1269 Sosiis
632 1246 642 1275 ;
666 1236 722 1269 hic
739 1241 772 1268 et
788 1247 881 1269 mare
898 1237 1017 1270 transit

115 1294 151 1323 et
165 1289 307 1333 longum
323 1294 406 1322 noto
423 1289 579 1332 scriptori
596 1294 757 1332 prorogat
775 1301 907 1323 aevum.

116 1347 195 1376 sunt
209 1343 335 1376 delicta
350 1347 465 1376 tamen
481 1343 604 1386 quibus
621 1343 791 1386 ignovisse
809 1343 950 1376 velimus
962 1354 972 1383 ;

116 1407 198 1429 nam
213 1406 324 1439 neque
341 1396 469 1430 chorda
484 1407 605 1429 sonum
623 1396 733 1430 reddit
750 1408 852 1440 quem
868 1397 940 1430 volt
957 1408 1077 1431 manus
1094 1403 1128 1431 et

252 1460 360 1489 mens,

117 1503 342 1546 poscentique
358 1513 497 1545 gravem
513 1514 677 1547 persaepe
694 1503 835 1536 remittit
852 1508 1000 1543 acutum,

117 1566 182 1588 nec
197 1566 331 1598 semper
346 1555 443 1588 feriet
459 1556 699 1599 quodcumque
715 1557 900 1589 minabitur
916 1567 1021 1589 arcus.
1111 1572 1162 1597 350

118 1619 236 1641 verum
253 1608 314 1640 ubi
330 1608 429 1651 plura
445 1609 555 1641 nitent
572 1609 607 1641 in
624 1609 782 1649 carmine,
804 1620 872 1641 non
890 1620 953 1652 ego
970 1610 1086 1652 paucis

119 1661 273 1694 offendar
289 1661 443 1700 maculis,
464 1671 548 1704 quas
565 1667 622 1694 aut
640 1662 769 1694 incuria
786 1662 872 1695 fudit

120 1720 179 1748 aut
194 1715 345 1747 humana
360 1725 481 1757 parum
498 1715 588 1747 cavit
604 1723 735 1748 natura.
786 1716 866 1758 quid
881 1727 961 1758 ergo
979 1717 1053 1750 est?

120 1772 158 1800 ut
174 1768 318 1811 scriptor
333 1767 362 1799 si
378 1771 497 1810 peccat
515 1768 606 1800 idem
624 1767 780 1800 librarius
797 1779 913 1811 usque,

121 1821 277 1864 quamvis
293 1824 344 1854 est
359 1821 518 1860 monitus,
538 1821 639 1854 venia
655 1825 756 1860 caret,
778 1826 811 1854 et
828 1822 1043 1856 citharoedus

122 1874 250 1906 ridetur
265 1873 393 1906 chorda
410 1873 467 1916 qui
483 1884 618 1916 semper
633 1874 767 1907 oberrat
783 1874 914 1915 eadem,

123 1925 171 1959 sic
187 1926 282 1966 mihi,
306 1926 365 1968 qui
382 1925 527 1958 multum
543 1930 663 1966 cessat,
685 1927 722 1959 fit
740 1927 919 1960 Choerilus
936 1927 1005 1967 ille,

124 1989 227 2022 quern
242 1979 296 2012 bis
313 1984 405 2012 terve
421 1979 550 2012 bonum
567 1989 643 2012 cum
661 1979 728 2013 risu
745 1980 850 2013 miror
863 1992 874 2022 ς
898 1986 931 2014 et
948 1981 1039 2014 idem
