1410 2283
269 131 308 168 56
566 127 601 165 Q.
634 125 764 157 ΗΘΚΛ
774 125 824 156 T!
847 107 1018 156 nabe!
1206 123 1294 165 [xvr.

271 345 367 378 xvl.
496 343 626 376 TIUM
642 343 850 387 divos‘rogat
867 343 901 375 in
918 342 1046 386 patenti

519 406 657 437 prensus
674 395 823 438 Aegaeo,
843 395 942 427 simul
957 399 1029 427 atra
1044 393 1150 427 nubes

402 448 552 481 condidit
570 448 684 480 lunam
701 457 810 489 neque
827 451 917 480 certa
932 446 1061 489 fulgent

578 498 687 531 sidera
703 498 823 537 nautis,

403 625 508 657 otium
524 624 615 657 bello
636 624 759 656 furiosa
776 624 919 663 Thrace,

406 677 511 709 otium
529 676 623 709 Medi
640 676 795 719 pharetra
809 676 934 716 decori,

405 728 569 771 Grospho,
591 739 659 760 non
674 728 815 770 gemmis
830 738 938 770 neque
954 737 1102 771 purpura
1116 737 1171 761 ve-

580 780 655 812 nale
672 790 780 822 neque
795 790 887 812 auro.

405 918 472 940 non
488 908 576 940 enim
593 917 693 949 gazae
710 917 818 950 neque
834 906 1016 939 consularis

404 964 590 992 summovet
606 959 703 991 lictor
717 959 854 991 miseros
871 959 1032 991 tumultus
1266 968 1300 987 ιο

404 1012 524 1044 mentis
541 1017 573 1044 et
589 1021 682 1043 curas
698 1010 853 1053 laqueata
868 1011 992 1044 circum

580 1068 667 1096 tecta
683 1062 836 1095 volantis.

405 1190 526 1222 vivitur
542 1200 645 1232 parvo
661 1190 757 1229 bene,
777 1189 831 1222 cui
847 1194 1024 1233 paternum

405 1241 557 1284 splendet
575 1242 609 1273 in
625 1251 739 1274 mensa
755 1242 845 1274 tenui
862 1242 1016 1280 salinum,

406 1304 467 1326 nec
483 1293 564 1326 levis
582 1303 715 1325 somnos
732 1293 832 1325 timor
847 1298 904 1326 aut
921 1293 1043 1336 cupido

582 1345 735 1377 sordidus
750 1345 866 1378 aufert.

405 1463 485 1505 quid
502 1462 596 1495 brevi
612 1463 712 1496 sortes
731 1462 912 1496 iaculamur
927 1473 1011 1496 aevo

405 1514 536 1546 multa?
559 1515 640 1557 quid
657 1520 759 1546 terras
775 1515 842 1547 alio
857 1515 995 1548 calentis

405 1566 474 1598 sole
491 1567 679 1598 mutamus?
705 1566 830 1608 patriae
846 1566 921 1609 quis
937 1566 1032 1600 exsul

578 1628 613 1650 se
629 1628 762 1660 quoque
778 1617 862 1661 fugit
872 1619 888 1650 Ρ
1262 1632 1298 1651 20

404 1744 533 1778 scandit
549 1749 675 1778 aeratas
691 1745 812 1777 vitiosa
826 1745 921 1778 navis

404 1796 502 1835 Cura,
522 1807 584 1829 nec
599 1801 724 1829 turmas
737 1797 888 1839 equitum
903 1796 1070 1840 relinquit,

403 1848 494 1880 ocior
509 1848 613 1881 cervis
629 1853 661 1880 et
677 1853 796 1890 agente
812 1848 944 1882 nimbos

578 1899 669 1931 ocior
687 1900 788 1932 Euro.
