1410 2283
249 171 305 200 150
527 171 562 209 Q.
594 171 723 201 ΗΘΚΛ
734 171 783 200 Tl
807 170 977 202 FLAccl
1226 170 1262 212 [ι.

243 245 323 287 quid
341 256 458 277 causae
475 251 534 283 est,
555 245 675 277 merito
691 246 771 288 quin
789 245 855 278 illis
868 245 1021 288 Iuppiter
1036 246 1154 279 ambas
1233 261 1268 280 20

244 298 345 329 iratus
362 298 482 329 buccas
500 297 602 335 inflet,
623 308 731 340 neque
747 308 782 330 se
799 298 868 330 fore
885 297 1025 340 posthae

243 354 309 380 tam
329 349 458 381 facilem
475 350 576 387 dicat,
594 350 682 382 votis
698 355 733 381 ut
749 340 906 392 praebeat
923 351 1062 383 aurem?

242 408 421 443 praeterea,
444 412 484 434 ne
502 402 547 434 sic
564 408 598 434 ut
615 403 672 444 qui
690 402 848 434 iocularia
864 402 976 434 ridens

242 465 429 495 percurram
447 466 453 485 :
477 465 681 496 quamquam
699 454 861 486 ridentem
878 454 988 486 dicere
1005 464 1119 486 verum

240 506 319 547 quid
338 507 449 537 vetat?
472 513 506 538 ut
524 506 633 548 pueris
649 506 730 538 olim
748 506 829 538 dant
845 506 990 538 crustula
1005 506 1123 539 blandi

240 558 403 596 doctores,
425 558 589 590 elementa
605 558 708 590 velint
726 563 760 589 ut
778 558 904 591 discere
922 558 1052 600 prima:

240 611 295 641 scd
315 617 424 641 tamen
439 616 553 641 amoto
569 620 767 652 quaeramus
783 610 867 642 seria
884 609 975 642 ludo.

241 662 296 694 ille
313 673 446 704 gravem
464 663 548 693 duro
565 669 685 694 terram
701 662 758 705 qui
776 662 872 694 vertit
889 667 1012 701 aratro,

240 715 385 756 pertidus
402 714 455 746 liic
472 725 590 756 caupo,
612 714 706 746 miles
723 719 909 757 nautaeque
927 725 986 757 pcr
1000 724 1101 746 omne

239 767 382 798 audaces
397 777 488 798 mare
504 767 559 808 qui
577 772 721 805 currunt,
740 766 801 798 hac
818 771 929 798 mente
947 766 1096 799 laborem
1229 780 1265 806 30

239 829 309 850 sese
326 819 418 857 ferre,
439 829 533 850 senes
550 824 584 850 ut
601 819 634 850 in
651 818 718 850 otia
735 823 804 849 tuta
822 818 988 856 recedant,

239 871 342 908 aiunt,
362 881 437 902 cum
454 871 515 901 sibi
534 870 597 901 sint
614 875 771 911 congesta
788 869 935 901 cibaria:
959 870 1043 902 sicut

239 923 498 964 parvola—nam
516 921 671 963 exemplo
687 922 895 964 est—magni
914 921 1052 954 formica
1068 921 1192 955 laboris

238 986 294 1006 ore
312 975 411 1006 trahit
428 974 661 1016 quodcumque
678 979 787 1015 potest
803 979 902 1016 atque
920 974 1013 1006 addit
1029 984 1150 1006 acervo

238 1038 337 1069 quem
352 1027 458 1064 struit,
478 1026 565 1057 haud
584 1027 698 1067 ignara
715 1035 752 1057 ac
771 1036 836 1057 non
855 1025 987 1058 incauta
1002 1026 1112 1058 futuri.

237 1090 333 1121 quae,
353 1079 450 1110 simul
468 1079 633 1109 inversum
651 1077 822 1109 contristat
841 1078 1008 1120 Aquarius
1024 1089 1159 1117 annum,

237 1142 303 1162 non
321 1141 459 1172 usquam
477 1130 634 1172 prorepit,
655 1135 687 1161 et
706 1129 770 1160 illis
787 1129 889 1161 utitur
905 1135 983 1162 ante

235 1184 394 1226 quaesitis
411 1183 553 1224 sapiens,
574 1192 650 1213 cum
667 1186 698 1213 te
716 1192 824 1224 neque
842 1181 988 1214 fervidus
1004 1187 1115 1214 aestus

235 1236 410 1268 demoveat
428 1235 529 1272 lucro,
550 1244 657 1276 neque
674 1233 814 1276 hiemps,
837 1233 932 1276 ignis,
953 1245 1055 1274 mare,
1076 1234 1210 1274 sermm,

235 1288 281 1320 nil
299 1288 407 1319 obstet
425 1287 496 1324 tibi,
515 1286 596 1317 dum
612 1296 653 1317 ne
671 1286 711 1317 sit
729 1291 760 1317 te
778 1285 878 1317 ditior
894 1286 987 1318 alter.
1227 1301 1261 1325 40

235 1339 316 1383 quid
333 1339 422 1370 iuvat
439 1339 637 1370 immensum
655 1343 687 1369 te
704 1338 832 1380 argenti
849 1338 981 1380 pondus
997 1342 1030 1371 et
1045 1338 1117 1370 auri

235 1393 346 1424 furtim
364 1391 495 1423 defossa
512 1391 666 1422 timidum
682 1390 851 1432 deponere
867 1391 978 1422 terra?

239 1447 246 1461 ‘
258 1444 348 1487 quod
365 1444 391 1475 si
408 1443 623 1480 comminuas,
645 1441 746 1473 vilem
763 1441 931 1484 redigatur
946 1442 989 1474 ad
1005 1440 1138 1474 assem.'

234 1502 267 1528 at
284 1497 317 1527 ni
335 1496 368 1527 id
387 1496 432 1534 fit,
454 1495 534 1537 quid
551 1494 652 1525 habet
669 1493 774 1536 pulcri
793 1499 1000 1526 constructus
1016 1495 1178 1527 acervus?

234 1549 326 1581 milia
343 1548 497 1579 frumenti
515 1553 572 1578 tua
588 1546 714 1578 triverit
731 1556 807 1578 area
823 1551 969 1585 centum,

234 1612 301 1633 non
317 1606 392 1632 tuus
409 1600 473 1631 hoc
490 1599 599 1641 capiet
616 1603 731 1630 venter
747 1598 822 1640 plus
837 1609 878 1630 ac
893 1608 986 1630 meus
1002 1609 1010 1630 ε
1033 1601 1070 1630 ut
1085 1598 1113 1630 si

234 1652 407 1685 reticulum
425 1652 520 1694 panis
537 1650 663 1682 venalis
681 1650 766 1682 inter
782 1655 902 1682 onusto

232 1705 316 1737 forte
333 1704 432 1736 vehas
448 1713 573 1741 umero,
594 1702 700 1733 nihilo
717 1702 792 1744 plus
809 1701 952 1744 accipias
967 1711 1070 1744 quam

233 1757 289 1799 qui
307 1757 353 1788 nil
370 1756 518 1798 portarit.
566 1754 618 1786 vel
635 1754 699 1792 dic,
722 1754 802 1796 quid
819 1753 937 1786 referat
954 1753 1040 1785 intra

232 1815 369 1841 naturae
387 1808 461 1839 finis
478 1807 612 1844 viventi,
634 1806 747 1847 iugera
763 1810 895 1837 centum
911 1815 955 1836 an
1221 1817 1257 1842 50

232 1861 324 1892 mille
341 1861 435 1892 aret?
463 1861 470 1875 ⁶
484 1864 517 1890 at
533 1868 633 1890 suave
650 1863 699 1889 est
715 1868 756 1889 ex
772 1867 896 1898 magno
911 1855 1028 1888 tollere
1044 1865 1173 1888 acervo.

233 1913 313 1945 dum
330 1923 370 1944 ex
384 1921 487 1953 parvo
502 1910 599 1941 nobis
617 1908 813 1940 tantundem
828 1907 960 1939 haurire
975 1907 1154 1949 relinquas,

234 1974 291 1997 cur
306 1968 363 1995 tua
379 1962 453 2004 plus
468 1961 583 1994 laudes
599 1961 740 1992 cumeris
755 1959 908 2002 granaria
923 1958 1044 1990 nostris
1054 1958 1070 1990 ?
