1458 2315
101 131 224 174 xvn1.]

365 132 644 164 CARMJNUM
668 132 813 162 LIBER
840 132 887 163 ll.

100 353 243 389 XVIII.
382 353 453 389 ΟΝ
470 353 553 387 ebur
568 365 678 397 neque
694 364 833 386 aureum

402 418 479 440 mea
494 407 627 440 renidet
643 407 678 439 in
695 408 800 440 domo
816 407 966 444 lacunar,

279 471 350 494 non
366 461 480 493 trabes
498 460 699 503 Hymettiae

234 517 394 557 premunt
410 513 586 546 columnas
603 513 725 545 ultima
741 513 865 546 recisas

278 633 406 674 Africa,
426 645 537 678 neque
553 634 663 667 Attali

233 686 369 730 ignotus
385 687 482 721 heres
499 687 628 730 regiam
645 687 820 730 occupavi,

282 751 345 774 nec
362 740 552 773 Laconicas
567 740 653 772 mihi

232 793 370 827 trahunt
385 793 549 827 honestae
565 804 732 837 purpuras
749 793 903 827 clientae.

274 919 309 948 at
323 914 408 948 fides
424 919 458 948 et
473 915 590 958 ingeni

229 968 379 1011 benigna
394 979 482 1001 vena
498 973 559 1008 est,
580 977 834 1011 pauperemque
851 967 946 1001 dives

274 1032 330 1054 me
345 1021 432 1065 petit
449 1034 456 1055 :
481 1021 567 1054 nihil
585 1032 687 1065 supra

231 1074 314 1108 deos
330 1074 470 1116 lacesso,
491 1085 554 1108 nec
569 1078 744 1118 potentem
762 1074 911 1108 amicum

273 1203 420 1247 largiora
435 1203 563 1247 flagito,

229 1257 311 1289 satis
327 1257 447 1289 beatus
463 1257 571 1289 unicis
590 1255 737 1290 Sabinis.

275 1309 423 1342 truditur
438 1309 512 1342 dies
528 1309 596 1349 die,

230 1372 408 1406 novaeque
424 1366 570 1406 pergunt
586 1361 722 1395 interire
740 1361 862 1396 lunae:

277 1504 313 1532 tu
331 1500 476 1533 secanda
492 1511 662 1533 marmora

230 1553 324 1586 locas
340 1554 402 1586 sub
419 1553 529 1596 ipsum
546 1554 655 1593 funus,
677 1557 710 1586 et
726 1552 871 1597 sepulcri

274 1606 453 1638 immemor
468 1606 568 1638 struis
585 1606 717 1646 domos,

229 1659 400 1702 marisque
418 1660 498 1692 Bais
515 1659 743 1702 obstrepentis
760 1670 882 1703 urgues

273 1790 486 1812 summovere
502 1780 612 1819 litora,

228 1843 350 1875 parurn
366 1832 519 1876 locuples
532 1833 727 1866 continente
745 1834 830 1877 ripa.

274 1885 367 1928 quid,
388 1886 480 1928 quod
497 1897 602 1928 usque
620 1886 794 1928 proximos

226 1938 362 1971 revellis
379 1939 451 1981 agri
468 1939 631 1972 terminos
649 1945 681 1972 et
701 1940 786 1972 ultra

1109 140 1150 171 59

1108 982 1142 1000 10

1107 1675 1141 1693 20
