1458 2315
134 143 198 186 nh]
375 144 434 176 SA
443 145 474 175 T
471 145 676 176 IRARUM
697 145 844 176 LIBER
871 146 918 177 Il.
1111 156 1172 186 209

131 231 219 265 quae
233 220 338 265 siquis
353 232 454 255 sanus
469 221 560 262 fecit,
581 232 681 255 sanus
696 221 780 255 facis
795 226 829 255 et
844 225 892 255 tu.

130 285 200 308 non
215 274 293 308 dico
308 275 512 308 horrendam
531 273 686 308 rabiem.'
732 275 799 307 iam
818 275 946 309 desine.
998 276 1008 293 ‘
1020 275 1150 309 cultum

131 327 294 360 maiorem
309 327 436 361 censu.'
484 333 610 368 teneas,
631 329 851 371 Damasippe,
873 329 938 362 tuis
954 333 1000 362 te.

135 381 144 397 ‘
155 381 249 413 mille
263 381 464 424 puellarum,
484 392 666 423 puerorum
682 381 775 413 mille
791 381 944 416 furores-³

130 444 152 467 o
167 434 276 466 maior
289 433 428 467 tandem
444 445 564 477 parcas
580 434 696 466 insane
712 433 846 466 minori.

131 683 193 718 IV.
323 684 429 717 NDE
446 689 479 718 et
495 695 564 728 quo
581 685 699 718 Catius
712 686 727 717 ?
755 686 763 701 ‘
774 695 843 718 non
860 689 909 718 est
928 685 1011 718 mihi
1036 690 1168 730 tempus

433 739 547 771 aventi

129 800 255 832 ponere
271 790 368 834 signa
382 791 479 823 novis
496 790 695 834 praeceptis,
717 790 831 833 qualia
847 790 983 824 vincent

130 843 347 886 Pythagoran
362 843 537 887 Anytique
553 855 648 876 reum
664 844 869 886 doctumque
888 843 1053 877 Platona?

129 900 306 939 peccatum
322 896 439 936 fizteor,
459 907 537 930 cum
553 902 587 929 te
604 897 652 929 sic
668 902 822 939 tempore
839 897 937 930 laevo

129 948 382 992 interpellarim.
432 950 491 982 sed
508 950 568 982 des
583 950 719 982 veniam
734 950 855 988 bonus,
876 961 946 983 oro.

129 1002 251 1045 quodsi
266 1002 473 1035 interciderit
489 1003 551 1034 tibi
567 1013 656 1035 nunc
672 1002 811 1044 aliquid,
833 1008 965 1045 repetes
982 1015 1072 1043 mox,

129 1055 200 1091 sive
216 1059 266 1087 est
280 1060 420 1088 naturae
436 1055 501 1088 hoc
518 1055 588 1088 sive
605 1055 699 1094 artis,
716 1055 820 1087 mirus
837 1061 991 1098 utroque.

135 1108 144 1124 ‘
156 1107 239 1150 quin
254 1107 290 1140 id
306 1113 377 1140 erat
393 1118 501 1147 curae,
522 1118 590 1150 quo
606 1112 708 1150 pacto
725 1112 844 1140 cuncta
860 1113 1022 1148 tenerem,

129 1166 248 1203 utpote
264 1171 316 1193 res
332 1160 453 1200 tenuis,
474 1161 565 1193 tenui
583 1170 737 1192 sermone
753 1159 932 1202 peractas.'

130 1213 194 1246 ede
209 1213 357 1246 hominis
373 1224 508 1253 nomen,
529 1213 629 1245 simul
646 1218 679 1245 et
696 1213 871 1244 Romanus
887 1223 930 1245 an
947 1213 1080 1256 hospes.
1134 1230 1166 1247 10

135 1267 227 1309 ‘ipsa
242 1277 373 1300 memor
389 1271 569 1309 praecepta
585 1277 716 1304 canam,
736 1265 900 1298 celabitur
915 1272 1042 1300 auctor.

130 1319 233 1362 longa
249 1319 371 1363 quibus
387 1319 488 1352 facies
505 1319 577 1351 ovis
593 1319 666 1358 erit,
687 1318 747 1350 illa
764 1323 946 1359 memento,

131 1378 167 1405 ut
183 1372 254 1405 suci
271 1372 420 1405 melioris
437 1377 469 1404 et
486 1377 523 1404 ut
539 1371 647 1413 magis
664 1371 742 1403 alba
759 1371 922 1411 rotundis,

130 1435 272 1468 ponere:
295 1435 443 1467 namque
460 1435 587 1456 marem
604 1423 764 1456 cohibent
781 1423 907 1456 callosa
922 1423 1086 1458 vitellum.

131 1477 227 1511 caule
243 1478 436 1510 suburbano
452 1477 509 1520 qui
527 1477 622 1510 siccis
639 1476 742 1509 crevit
759 1476 793 1508 in
810 1476 898 1519 agris

131 1531 276 1564 dulcior:
300 1530 426 1573 irriguo
442 1530 526 1562 nihil
543 1535 593 1562 est
609 1529 731 1562 elutius
746 1529 856 1563 horto.

132 1583 159 1617 si
177 1583 388 1626 vespertinus
404 1583 516 1615 subito
534 1588 565 1615 te
583 1582 786 1625 oppresserit
802 1582 938 1624 hospes,

132 1647 175 1669 ne
191 1636 319 1679 gallina
335 1636 461 1668 malum
477 1641 649 1678 responset
668 1635 750 1667 dura
767 1635 893 1677 palato,

132 1689 253 1722 doctus
269 1689 334 1722 eris
352 1689 463 1721 vivam
481 1694 591 1720 musto
608 1699 753 1720 mersare
772 1688 930 1720 Falerno:

131 1742 199 1774 hoc
213 1746 364 1774 teneram
381 1741 490 1773 saciet.
541 1740 751 1783 pratensibus
767 1740 897 1783 optima
914 1739 1024 1782 fungis
1133 1755 1166 1772 ρο

134 1799 252 1827 natura
268 1799 337 1832 est;
361 1793 436 1825 aliis
451 1792 541 1825 male
557 1793 713 1825 creditur.
764 1792 821 1825 ille
839 1792 981 1825 salubris

133 1850 277 1879 aestates
293 1851 441 1889 peraget,
462 1845 518 1888 qui
536 1845 640 1887 nigris
657 1845 798 1887 prandia
814 1845 916 1877 moris

134 1897 239 1938 finiet,
259 1903 338 1931 ante
354 1909 490 1941 gravem
507 1908 594 1940 quae
611 1897 728 1939 legerit
745 1897 864 1930 arbore
880 1897 996 1931 solem.

135 1950 293 1984 Aufidius
309 1951 385 1984 sorti
402 1950 564 1984 miscebat
583 1950 684 1983 mella
703 1950 862 1983 Falerno:
