1458 2315
90 165 146 208 η]
302 166 660 198 EPISTULARUM
682 166 826 198 LIBER
852 167 900 198 Η.
1059 175 1119 206 275

89 241 278 282 stultitiam,
298 245 332 274 et
347 251 424 274 cum
440 241 485 274 sis
499 240 607 274 nihilo
622 241 806 284 sapientior
819 253 861 274 ex
876 253 945 285 quo

89 294 223 339 plenior
237 305 282 333 es,
303 299 417 326 tamen
433 294 536 326 uteris
550 294 772 326 monitoribus
788 294 922 327 isdem?

89 353 124 380 at
141 347 169 380 si
184 347 322 379 divitiae
339 346 539 389 prudentem
555 346 694 378 reddere
710 352 857 389 possent,

90 400 119 433 si
135 399 296 442 cupidum
312 399 533 440 timidumque
551 399 661 430 minus
677 404 720 437 te,
740 409 862 442 nempe
879 400 1023 438 ruberes,

91 453 216 484 viveret
234 452 268 483 in
284 451 383 483 terris
397 456 429 483 te
446 451 549 493 siquis
566 451 696 482 avarior
713 462 819 494 uno&

89 505 118 537 si
134 504 308 547 proprium
324 509 373 535 est
390 503 481 545 quod
498 503 571 546 quis
588 503 673 534 libra
690 510 854 537 mercatus
872 510 903 538 et
921 516 996 537 aere
1013 510 1072 544 est,

90 556 268 600 quaedam,
289 556 316 588 si
332 556 440 588 credis
456 555 628 594 consultis,
648 557 818 600 mancipat
836 568 936 597 usus3

90 609 149 652 qui
166 614 199 643 te
215 608 321 651 pascit
338 619 428 650 ager,
448 614 523 640 tuus
540 613 599 647 est,
621 614 653 641 et
671 610 789 642 vilicus
806 611 902 649 Orbi,
1072 616 1122 641 160

89 672 168 695 cum
184 667 313 704 segetes
329 667 425 693 occat
441 660 501 692 tibi
519 671 598 692 mox
615 662 782 695 frumenta
798 663 942 701 daturas,

90 719 124 748 te
139 714 316 746 dominum
333 714 444 746 sentit.
494 714 555 745 das
571 725 739 756 nummos,
759 716 884 758 accipis
900 725 1011 755 uvam,

90 766 213 810 pullos,
233 776 308 804 ova,
327 765 449 798 eadum
466 767 590 800 temeti.
641 778 765 811 nempe
783 768 884 800 modo
901 768 965 800 isto

89 818 268 863 paullatim
284 818 441 850 mercaris
457 829 585 862 agrum,
605 820 744 853 sortasse
761 820 918 853 trecentis

90 877 149 905 aut
163 872 266 904 etiam
282 881 382 914 supra
397 882 612 904 nummorum
629 873 766 905 milibus
782 878 942 916 emptum.

90 924 173 968 quid
189 923 298 963 refert,
318 924 411 957 vivas
427 930 602 957 numerato
618 936 725 968 nuper
740 936 783 958 an
800 925 882 958 olim
892 926 907 957 ?

90 981 225 1021 emptor
239 977 369 1009 Aricini
385 977 557 1020 quondam
574 978 724 1011 Veientis
741 983 773 1011 et
790 978 861 1010 arvi

90 1037 243 1076 emptum
259 1038 355 1066 cenat
371 1032 479 1071 holus,
499 1031 652 1074 quamvis
668 1031 766 1063 aliter
781 1035 876 1073 putat
890 1042 900 1070 ;
925 1029 1048 1074 emptis

67 1083 73 1090 “
90 1085 154 1117 sub
170 1090 303 1119 noctem
320 1085 468 1128 gelidam
484 1084 584 1127 lignis
600 1083 775 1116 calefactat
792 1094 933 1115 aenum:

90 1137 152 1170 sed
167 1143 266 1171 vocat
282 1149 387 1181 usque
403 1149 510 1176 suum,
530 1147 596 1179 qua
612 1136 756 1179 populus
773 1136 881 1168 adsita
896 1135 995 1168 certis
1074 1149 1123 1174 170

90 1189 256 1223 limitibus
272 1191 382 1224 vicina
399 1191 519 1233 refugit
536 1189 643 1232 iurgia
657 1200 666 1228 3
690 1194 864 1230 tamquam

91 1241 136 1275 sit
151 1244 324 1286 proprium
340 1244 531 1286 quicquam,
552 1247 677 1285 puncto
693 1241 785 1283 quod
802 1240 937 1273 mobilis
952 1239 1055 1272 horae

91 1305 182 1328 nunc
198 1307 307 1339 prece,
327 1307 416 1329 nunc
433 1296 550 1339 pretio,
568 1305 657 1327 nunc
674 1294 726 1333 vi,'
737 1304 826 1326 nunc
843 1298 950 1326 morte
968 1303 1122 1336 suprema

92 1353 260 1391 permutet
277 1349 432 1382 dominos
447 1354 480 1381 et
498 1349 593 1381 cedat
614 1348 647 1379 in
664 1346 768 1378 altera
786 1346 868 1378 iura.

92 1400 141 1433 sic
156 1401 236 1444 quia
251 1406 431 1445 perpetuus
447 1402 530 1434 nulli
547 1401 645 1433 datur
662 1409 749 1437 usus,
770 1404 802 1432 et
820 1399 915 1431 heres

92 1451 251 1486 heredem
268 1454 405 1487 alterius
421 1455 511 1487 velut
527 1454 617 1486 unda
635 1452 826 1496 supervenit
844 1451 980 1489 undam,

92 1505 175 1547 quid
191 1505 256 1538 vici
273 1512 412 1549 prosunt
428 1512 485 1539 aut
501 1506 645 1539 horrea?
669 1505 792 1548 quidve
810 1503 964 1537 Calabris

92 1556 233 1590 saltibus
249 1558 371 1590 adiecti
390 1559 526 1598 Lucani,
548 1560 574 1590 si
592 1559 686 1591 metit
706 1558 814 1591 Orcus

91 1610 234 1652 grandia
249 1620 325 1643 cum
342 1611 464 1653 parvis,
483 1622 549 1643 non
568 1611 748 1643 exorabilis
764 1609 871 1641 auro?

92 1672 254 1705 gemmas,
271 1673 426 1701 marmor,
444 1663 536 1701 ebur,
553 1663 728 1705 Tyrrhena
745 1662 864 1704 sigilla,
883 1660 1034 1700 tabellas,
1077 1667 1126 1694 180

93 1720 281 1757 argentum,
302 1715 402 1747 vestis
419 1714 565 1747 Gaetulo
583 1716 707 1748 murice
724 1715 857 1754 tinctas,

94 1771 172 1799 sunt
188 1767 245 1809 qui
264 1776 332 1799 non
349 1766 504 1806 habeant,
525 1771 574 1800 est
592 1768 648 1810 qui
667 1778 733 1799 non
750 1774 842 1800 curat
860 1766 996 1800 habere.

94 1828 154 1851 cur
169 1818 254 1852 alter
268 1818 407 1851 fratrum
423 1830 552 1852 cessare
569 1825 601 1852 et
619 1820 732 1853 ludere
748 1826 780 1853 ct
798 1820 901 1863 ungui

94 1870 261 1914 praeferat
279 1871 428 1904 Herodis
444 1871 599 1914 palmetis
616 1873 808 1915 pinguibus,
827 1873 911 1906 alter

94 1923 190 1957 dives
206 1928 239 1957 et
255 1923 466 1967 importunus
482 1924 524 1956 ad
543 1925 696 1957 umbram
714 1925 797 1958 lucis
812 1925 856 1958 ab
873 1931 947 1958 ortu

95 1974 282 2010 silvestrem
300 1975 442 2009 flammis
458 1982 490 2009 et
509 1976 594 2010 scrro
611 1978 740 2021 mitiget
756 1988 884 2021 agrum,
