1458 2315
73 143 204 187 xxxv]
339 144 614 177 CARMINUM
635 145 780 175 LIBER
806 145 833 175 I.

2 2004 12 2031 S

5 2047 13 2068 4

0 2068 108 2315 ku

204 223 238 254 te
253 229 382 263 pauper
396 219 504 252 ambit
519 217 662 252 sollicita
676 229 775 262 prece

204 272 288 305 ruris
301 272 451 311 colonus,
471 277 504 304 te
519 271 693 304 dominam
709 270 863 314 aequoris

247 324 450 368 quicumque
466 323 613 366 Bithyna
628 323 759 356 lacessit

292 376 514 420 Carpathium
530 376 669 420 pelagus
685 376 809 409 carina.

203 483 237 512 te
253 479 366 512 Dacus
382 489 490 522 asper,
510 483 543 512 te
558 478 690 523 profugi
709 472 863 521 Scythae,

201 532 367 575 urbesque
382 536 565 574 gentesque
581 537 615 564 et
633 531 767 564 Latium
783 531 875 564 ferox

247 594 430 627 regumque
445 590 567 616 matres
583 583 802 616 barbarorum
817 587 850 615 et

288 635 447 679 purpurei
463 639 615 668 metuunt
632 635 775 677 tyranni,

201 737 361 771 iniurioso
376 748 418 770 ne
434 737 521 781 pede
536 747 675 781 proruas

201 795 346 824 stantem
360 790 563 829 columnam,
583 800 647 822 neu
664 788 810 832 populus
826 789 980 833 frequens

244 842 290 876 ad
305 853 399 875 arma
414 842 583 881 cessantis,
604 842 647 874 ad
663 853 757 874 arma

290 895 435 928 concitet
453 894 699 938 imperiumque
716 893 857 937 frangat.

201 1002 235 1031 te
250 1008 383 1041 semper
397 997 502 1030 anteit
517 1007 616 1031 saeva
632 997 834 1037 Necessitas,

202 1051 316 1084 clavos
332 1049 469 1083 trabalis
485 1054 518 1082 et
533 1059 656 1082 cuneos
672 1060 774 1082 manu

247 1106 381 1145 gestans
396 1111 491 1140 aena,
510 1111 572 1133 nec
588 1112 721 1133 severus

291 1164 396 1186 uncus
411 1154 505 1186 abest
523 1153 754 1197 liquidumque
767 1152 954 1195 plumbum.

203 1261 236 1289 te
254 1255 340 1299 Spes
354 1259 388 1288 et
403 1254 482 1287 albo
499 1265 571 1286 rara
588 1253 689 1286 Fides
705 1254 785 1287 coiit

204 1307 315 1342 velata
329 1317 452 1351 panno,
472 1317 533 1339 nec
549 1306 708 1339 comitem
725 1306 868 1348 abnegat

249 1364 429 1402 utcumque
444 1364 572 1391 mutata
589 1359 734 1401 potentis

293 1417 386 1445 veste
401 1411 520 1444 domos
538 1411 671 1444 inimica
689 1410 822 1454 linquis.

205 1518 240 1547 at
256 1512 374 1557 voigus
391 1512 531 1545 infidum
548 1518 579 1545 et
598 1512 752 1545 meretrix
770 1517 858 1545 retro

204 1566 338 1610 periura
352 1565 441 1599 cedit
459 1577 469 1604 3
492 1564 669 1607 diffugiunt
686 1563 778 1597 cadis

247 1628 324 1652 cum
342 1617 432 1651 faece
449 1616 579 1650 siccatis
594 1616 694 1648 amici

292 1669 376 1703 serre
392 1669 507 1712 iugum
524 1669 647 1712 pariter
662 1667 781 1701 dolosi.

207 1781 318 1805 serves
334 1770 456 1804 iturum
473 1770 650 1803 Caesarem
668 1770 701 1802 in
718 1769 855 1802 ultimos

205 1822 298 1857 orbis
314 1822 494 1855 Britannos
507 1827 541 1856 et
559 1822 715 1854 iuvenum
732 1831 846 1855 recens

250 1884 391 1909 examen
410 1873 491 1907 Eois
507 1873 691 1907 timendum

294 1925 442 1971 partibus
459 1926 663 1969 Oceanoque
681 1924 789 1958 rubro.

1065 154 1105 186 35

1072 546 1104 563 10

1067 1167 1102 1185 20
