1410 2283
290 171 347 202 142

569 163 606 202 Q.
637 161 770 194 HORA
778 161 829 193 T!
850 140 1041 194 maces

377 247 453 270 cum
470 235 570 280 palla,
591 237 673 269 tabo
684 247 806 269 munus
822 236 1001 278 imbutum,
1022 246 1146 270 novam

423 289 579 321 incendio
595 295 735 331 nuptam
751 289 900 322 abstulit.

379 341 473 384 atqui
490 351 552 374 nec
567 341 671 374 herba
688 352 749 374 nec
766 341 874 377 latens
892 341 926 374 in
942 340 1071 385 asperis

424 393 518 425 mdix
536 393 650 426 fefellit
668 404 721 426 me
738 393 832 426 locis.

380 445 538 477 indormit
555 445 662 478 unctis
678 446 828 478 omnium
845 445 1011 478 cubilibus

423 497 595 530 oblivione
612 498 788 540 paelicum.

380 560 399 581 a
415 560 445 589 a,
466 549 593 581 solutus
609 549 758 582 ambulat
775 549 943 583 veneficae

424 601 611 634 scientioris
626 602 786 635 carmine.

380 663 449 685 non
466 653 606 693 usitatis,
626 654 726 693 Varc,
747 654 952 696 potionibus,

424 716 446 737 o
461 705 566 738 multa
582 706 734 738 fleturum
750 711 861 749 caput,

382 757 426 790 ad
443 768 496 790 me
512 768 670 796 recurres,
690 768 750 790 nec
766 762 886 790 vocata
900 767 995 790 mens
1015 761 1073 790 tua

425 809 546 841 Marsis
562 809 682 842 redibit
699 809 846 842 vocibus.

382 861 489 893 maius
506 861 644 903 parabo,
664 861 772 894 maius
789 860 962 893 infundam
979 860 1044 893 tibi

425 912 607 945 fastidienti
627 913 796 955 poculum,

380 964 538 1007 priusque
554 965 683 997 caelum
700 965 785 998 sidet
802 964 938 998 inferius
953 964 1037 997 mari

425 1017 543 1049 tellure
558 1023 712 1059 porrecta
730 1027 830 1059 super

379 1079 482 1111 quam
498 1079 566 1101 non
581 1080 695 1101 amore
711 1069 758 1101 sic
774 1079 850 1101 meo
866 1068 985 1112 flagres
1000 1067 1050 1101 uti

425 1121 576 1153 bitumen
594 1121 673 1153 atris
691 1119 848 1163 ignibus!

381 1173 444 1204 sub
460 1173 542 1205 haec
559 1184 641 1215 puer
658 1173 723 1205 iam
741 1183 809 1205 non
825 1177 861 1206 ut
877 1177 956 1206 ante
971 1172 1132 1206 mollibus

423 1224 527 1257 lenire
543 1225 653 1257 verbis
669 1225 802 1267 impias,

380 1277 437 1308 sed
455 1277 576 1308 dubius
591 1278 679 1310 unde
697 1282 864 1320 rumperet
880 1277 1051 1310 silentium

425 1329 515 1361 misit
531 1329 716 1371 Thyesteas
733 1340 856 1372 preces.

385 1381 394 1397 ‘
407 1391 536 1413 venena
552 1392 711 1423 magnum
730 1382 778 1414 sas
792 1381 953 1425 nefasque
969 1392 1038 1414 non
1055 1380 1170 1415 valent

424 1439 617 1466 convertere
633 1434 815 1466 humanam
832 1433 950 1466 vicem.

381 1484 462 1517 diris
477 1496 576 1528 agam
592 1496 651 1517 vos
667 1498 676 1525 ;
699 1485 772 1518 dira
788 1486 967 1519 detestatio

425 1537 517 1569 nulla
533 1538 686 1580 expiatur
700 1538 846 1570 victima.

380 1589 473 1631 quin,
493 1590 550 1621 ubi
567 1590 674 1632 perire
690 1590 796 1623 iussus
812 1589 1035 1633 exspiravere,

423 1646 606 1674 nocturnus
620 1652 790 1674 occurram
808 1642 924 1681 Furor,

382 1698 561 1736 petamque
576 1693 686 1726 voltus
701 1694 820 1726 umbra
835 1693 943 1726 curvis
954 1694 1132 1738 unguibus,

427 1755 512 1787 quae
529 1745 579 1778 vis
594 1745 733 1778 deorum
749 1751 800 1778 est
813 1746 980 1786 Manium,

381 1800 414 1828 et
432 1796 589 1839 inquietis
604 1798 762 1830 adsidens
778 1797 983 1840 praecordiis

427 1858 552 1890 pavore
566 1859 702 1882 somnos
715 1849 872 1882 auferam.

383 1909 442 1932 vos
459 1901 557 1932 turba
572 1901 708 1933 vicatim
725 1901 804 1934 hinc
817 1907 850 1935 et
865 1902 945 1935 hinc
960 1901 1050 1935 saxis
1063 1905 1182 1945 petens

425 1952 608 1985 contundet
625 1955 787 1987 obscenas
802 1965 895 1987 anus.

1283 511 1318 537 ⁷0
