<?xml version="1.0" encoding="UTF-8"?>
<!DOCTYPE html PUBLIC "-//W3C//DTD XHTML 1.0 Transitional//EN"
    "http://www.w3.org/TR/xhtml1/DTD/xhtml1-transitional.dtd">
<html xmlns="http://www.w3.org/1999/xhtml" xml:lang="en" lang="en">
 <head>
  <title>
</title>
<meta http-equiv="Content-Type" content="text/html;charset=utf-8" />
  <meta name='ocr-system' content='tesseract 3.04.00' />
  <meta name='ocr-capabilities' content='ocr_page ocr_carea ocr_par ocr_line ocrx_word'/>
</head>
<body>
  <div class='ocr_page' id='page_1' title='image "./operacornish00horauoft_0027.png"; bbox 0 0 1458 2315; ppageno 0'>
   <div class='ocr_carea' id='block_1_1' title="bbox 135 130 1180 173">
    <p class='ocr_par' dir='ltr' id='par_1_1' title="bbox 135 130 1180 173">
     <span class='ocr_line' id='line_1_1' title="bbox 135 130 1180 173; baseline 0.002 -10"><span class='ocrx_word' id='word_1_1' title='bbox 135 130 231 173; x_wconf 85' lang='lat' dir='ltr'>v·111.]</span> <span class='ocrx_word' id='word_1_2' title='bbox 407 132 684 163; x_wconf 81' lang='lat' dir='ltr'><em>CARMINUM</em></span> <span class='ocrx_word' id='word_1_3' title='bbox 708 132 854 163; x_wconf 84' lang='lat' dir='ltr'><em>LIBER</em></span> <span class='ocrx_word' id='word_1_4' title='bbox 881 134 910 165; x_wconf 85' lang='lat' dir='ltr'>l.</span> <span class='ocrx_word' id='word_1_5' title='bbox 1144 144 1180 165; x_wconf 94' lang='lat'>11</span> 
     </span>
    </p>
   </div>
   <div class='ocr_carea' id='block_1_2' title="bbox 138 207 918 412">
    <p class='ocr_par' dir='ltr' id='par_1_2' title="bbox 138 207 918 304">
     <span class='ocr_line' id='line_1_2' title="bbox 138 207 918 252; baseline 0.001 -11"><span class='ocrx_word' id='word_1_6' title='bbox 138 212 172 241; x_wconf 92' lang='lat' dir='ltr'>et</span> <span class='ocrx_word' id='word_1_7' title='bbox 189 218 352 252; x_wconf 88' lang='lat' dir='ltr'>praeceps</span> <span class='ocrx_word' id='word_1_8' title='bbox 368 207 461 241; x_wconf 89' lang='lat' dir='ltr'>Anio</span> <span class='ocrx_word' id='word_1_9' title='bbox 477 219 516 241; x_wconf 93' lang='lat' dir='ltr'>ac</span> <span class='ocrx_word' id='word_1_10' title='bbox 530 208 674 241; x_wconf 85' lang='lat' dir='ltr'>Tiburni</span> <span class='ocrx_word' id='word_1_11' title='bbox 690 207 785 241; x_wconf 90' lang='lat' dir='ltr'>lucus</span> <span class='ocrx_word' id='word_1_12' title='bbox 801 213 835 242; x_wconf 89' lang='lat' dir='ltr'>et</span> <span class='ocrx_word' id='word_1_13' title='bbox 850 209 918 242; x_wconf 85' lang='lat' dir='ltr'>uda</span> 
     </span>
     <span class='ocr_line' id='line_1_3' title="bbox 185 260 648 304; baseline 0.002 -11"><span class='ocrx_word' id='word_1_14' title='bbox 185 260 371 294; x_wconf 86' lang='lat' dir='ltr'>mobilibus</span> <span class='ocrx_word' id='word_1_15' title='bbox 386 261 541 304; x_wconf 86' lang='lat' dir='ltr'>pomaria</span> <span class='ocrx_word' id='word_1_16' title='bbox 558 261 648 295; x_wconf 86' lang='lat' dir='ltr'>rivis.</span> 
     </span>
    </p>

    <p class='ocr_par' dir='ltr' id='par_1_3' title="bbox 142 313 866 412">
     <span class='ocr_line' id='line_1_4' title="bbox 142 313 866 358; baseline 0.003 -12"><span class='ocrx_word' id='word_1_17' title='bbox 142 313 240 346; x_wconf 89' lang='lat' dir='ltr'>albus</span> <span class='ocrx_word' id='word_1_18' title='bbox 256 318 293 346; x_wconf 91' lang='lat' dir='ltr'>ut</span> <span class='ocrx_word' id='word_1_19' title='bbox 311 314 456 347; x_wconf 87' lang='lat' dir='ltr'>obscuro</span> <span class='ocrx_word' id='word_1_20' title='bbox 472 314 625 358; x_wconf 82' lang='lat' dir='ltr'><strong>deterget</strong></span> <span class='ocrx_word' id='word_1_21' title='bbox 637 314 754 347; x_wconf 90' lang='lat' dir='ltr'>nubila</span> <span class='ocrx_word' id='word_1_22' title='bbox 771 315 866 348; x_wconf 87' lang='lat' dir='ltr'>caelo</span> 
     </span>
     <span class='ocr_line' id='line_1_5' title="bbox 185 368 836 412; baseline 0.003 -13"><span class='ocrx_word' id='word_1_23' title='bbox 185 378 288 411; x_wconf 81' lang='lat' dir='ltr'>saepe</span> <span class='ocrx_word' id='word_1_24' title='bbox 305 368 418 400; x_wconf 89' lang='lat' dir='ltr'>Notus</span> <span class='ocrx_word' id='word_1_25' title='bbox 433 379 544 412; x_wconf 89' lang='lat' dir='ltr'>neque</span> <span class='ocrx_word' id='word_1_26' title='bbox 558 369 700 412; x_wconf 88' lang='lat' dir='ltr'>parturit</span> <span class='ocrx_word' id='word_1_27' title='bbox 717 369 836 401; x_wconf 71' lang='lat' dir='ltr'>imbris</span> 
     </span>
    </p>
   </div>
   <div class='ocr_carea' id='block_1_3' title="bbox 140 481 1182 675">
    <p class='ocr_par' dir='ltr' id='par_1_4' title="bbox 140 481 1182 675">
     <span class='ocr_line' id='line_1_6' title="bbox 141 481 891 525; baseline 0.001 -12"><span class='ocrx_word' id='word_1_28' title='bbox 141 485 318 524; x_wconf 87' lang='lat' dir='ltr'>perpetuo,</span> <span class='ocrx_word' id='word_1_29' title='bbox 339 481 386 514; x_wconf 87' lang='lat' dir='ltr'>sic</span> <span class='ocrx_word' id='word_1_30' title='bbox 402 485 438 514; x_wconf 87' lang='lat' dir='ltr'>tu</span> <span class='ocrx_word' id='word_1_31' title='bbox 456 481 590 525; x_wconf 88' lang='lat' dir='ltr'>sapiens</span> <span class='ocrx_word' id='word_1_32' title='bbox 606 481 702 515; x_wconf 89' lang='lat' dir='ltr'>finire</span> <span class='ocrx_word' id='word_1_33' title='bbox 719 487 891 516; x_wconf 89' lang='lat' dir='ltr'>memento</span> 
     </span>
     <span class='ocr_line' id='line_1_7' title="bbox 185 533 679 577; baseline 0.004 -12"><span class='ocrx_word' id='word_1_34' title='bbox 185 533 356 566; x_wconf 86' lang='lat' dir='ltr'>tristitiam</span> <span class='ocrx_word' id='word_1_35' title='bbox 373 534 529 577; x_wconf 87' lang='lat' dir='ltr'>vitaeque</span> <span class='ocrx_word' id='word_1_36' title='bbox 544 534 679 567; x_wconf 83' lang='lat' dir='ltr'>labores</span> 
     </span>
     <span class='ocr_line' id='line_1_8' title="bbox 140 586 962 631; baseline 0.004 -13"><span class='ocrx_word' id='word_1_37' title='bbox 140 586 249 627; x_wconf 92' lang='lat' dir='ltr'>molli,</span> <span class='ocrx_word' id='word_1_38' title='bbox 269 586 406 626; x_wconf 87' lang='lat' dir='ltr'>Plance,</span> <span class='ocrx_word' id='word_1_39' title='bbox 427 598 533 627; x_wconf 91' lang='lat' dir='ltr'>mero,</span> <span class='ocrx_word' id='word_1_40' title='bbox 554 598 612 620; x_wconf 89' lang='lat' dir='ltr'>seu</span> <span class='ocrx_word' id='word_1_41' title='bbox 628 592 662 620; x_wconf 88' lang='lat' dir='ltr'>te</span> <span class='ocrx_word' id='word_1_42' title='bbox 678 586 841 631; x_wconf 86' lang='lat' dir='ltr'>fulgentia</span> <span class='ocrx_word' id='word_1_43' title='bbox 858 588 962 631; x_wconf 81' lang='lat' dir='ltr'>signis</span> 
     </span>
     <span class='ocr_line' id='line_1_9' title="bbox 184 641 1182 675; baseline 0.003 -3"><span class='ocrx_word' id='word_1_44' title='bbox 184 644 295 672; x_wconf 89' lang='lat' dir='ltr'>castra</span> <span class='ocrx_word' id='word_1_45' title='bbox 312 644 428 672; x_wconf 89' lang='lat' dir='ltr'>tenent</span> <span class='ocrx_word' id='word_1_46' title='bbox 445 651 503 672; x_wconf 89' lang='lat' dir='ltr'>seu</span> <span class='ocrx_word' id='word_1_47' title='bbox 518 641 623 673; x_wconf 87' lang='lat' dir='ltr'>densa</span> <span class='ocrx_word' id='word_1_48' title='bbox 637 641 765 674; x_wconf 86' lang='lat' dir='ltr'><strong>tenebit</strong></span> <span class='ocrx_word' id='word_1_49' title='bbox 1149 658 1182 675; x_wconf 89' lang='lat'>20</span> 
     </span>
    </p>
   </div>
   <div class='ocr_carea' id='block_1_4' title="bbox 137 760 1079 955">
    <p class='ocr_par' dir='ltr' id='par_1_5' title="bbox 139 760 1079 859">
     <span class='ocr_line' id='line_1_10' title="bbox 139 760 1079 808; baseline 0.005 -15"><span class='ocrx_word' id='word_1_50' title='bbox 139 760 276 794; x_wconf 89' lang='lat' dir='ltr'>Tiburis</span> <span class='ocrx_word' id='word_1_51' title='bbox 291 762 411 794; x_wconf 87' lang='lat' dir='ltr'>umbra</span> <span class='ocrx_word' id='word_1_52' title='bbox 427 762 487 795; x_wconf 87' lang='lat' dir='ltr'>tui.</span> <span class='ocrx_word' id='word_1_53' title='bbox 538 761 670 796; x_wconf 86' lang='lat' dir='ltr'>Teucer</span> <span class='ocrx_word' id='word_1_54' title='bbox 688 762 863 796; x_wconf 81' lang='lat' dir='ltr'>Salamina</span> <span class='ocrx_word' id='word_1_55' title='bbox 879 768 1079 808; x_wconf 80' lang='lat' dir='ltr'>patremque</span> 
     </span>
     <span class='ocr_line' id='line_1_11' title="bbox 181 814 768 859; baseline 0.003 -12"><span class='ocrx_word' id='word_1_56' title='bbox 181 825 261 847; x_wconf 87' lang='lat' dir='ltr'>cum</span> <span class='ocrx_word' id='word_1_57' title='bbox 276 814 416 858; x_wconf 86' lang='lat' dir='ltr'>sugeret,</span> <span class='ocrx_word' id='word_1_58' title='bbox 437 820 550 848; x_wconf 90' lang='lat' dir='ltr'>tamen</span> <span class='ocrx_word' id='word_1_59' title='bbox 567 815 635 848; x_wconf 88' lang='lat' dir='ltr'>uda</span> <span class='ocrx_word' id='word_1_60' title='bbox 652 817 768 859; x_wconf 85' lang='lat' dir='ltr'>Lyaeo</span> 
     </span>
    </p>

    <p class='ocr_par' dir='ltr' id='par_1_6' title="bbox 137 868 894 955">
     <span class='ocr_line' id='line_1_12' title="bbox 137 868 894 911; baseline 0.003 -11"><span class='ocrx_word' id='word_1_61' title='bbox 137 871 294 910; x_wconf 85' lang='lat' dir='ltr'>tempora</span> <span class='ocrx_word' id='word_1_62' title='bbox 309 868 459 911; x_wconf 83' lang='lat' dir='ltr'>populea</span> <span class='ocrx_word' id='word_1_63' title='bbox 476 868 578 900; x_wconf 84' lang='lat' dir='ltr'>fertur</span> <span class='ocrx_word' id='word_1_64' title='bbox 594 869 743 902; x_wconf 76' lang='lat' dir='ltr'>vinxisse</span> <span class='ocrx_word' id='word_1_65' title='bbox 759 880 894 910; x_wconf 65' lang='lat' dir='ltr'>corona,</span> 
     </span>
     <span class='ocr_line' id='line_1_13' title="bbox 182 921 665 955; baseline 0.002 -1"><span class='ocrx_word' id='word_1_66' title='bbox 182 921 230 954; x_wconf 86' lang='lat' dir='ltr'>sic</span> <span class='ocrx_word' id='word_1_67' title='bbox 247 921 350 954; x_wconf 88' lang='lat' dir='ltr'>tristis</span> <span class='ocrx_word' id='word_1_68' title='bbox 364 921 497 954; x_wconf 82' lang='lat' dir='ltr'>adfatus</span> <span class='ocrx_word' id='word_1_69' title='bbox 513 921 641 955; x_wconf 88' lang='lat' dir='ltr'>amicos</span> <span class='ocrx_word' id='word_1_70' title='bbox 657 933 665 955; x_wconf 70' lang='grc' dir='ltr'>ι</span> 
     </span>
    </p>
   </div>
   <div class='ocr_carea' id='block_1_5' title="bbox 94 1041 1022 1087">
    <p class='ocr_par' dir='ltr' id='par_1_7' title="bbox 94 1041 1022 1087">
     <span class='ocr_line' id='line_1_14' title="bbox 94 1041 1022 1087; baseline 0.004 -13"><span class='ocrx_word' id='word_1_71' title='bbox 94 1043 105 1051; x_wconf 82' lang='grc'><strong>’</strong></span> <span class='ocrx_word' id='word_1_72' title='bbox 140 1041 228 1085; x_wconf 91' lang='lat' dir='ltr'>‘quo</span> <span class='ocrx_word' id='word_1_73' title='bbox 245 1052 307 1075; x_wconf 88' lang='lat' dir='ltr'>nos</span> <span class='ocrx_word' id='word_1_74' title='bbox 323 1053 468 1086; x_wconf 90' lang='lat' dir='ltr'>cumque</span> <span class='ocrx_word' id='word_1_75' title='bbox 484 1042 568 1076; x_wconf 88' lang='lat' dir='ltr'>feret</span> <span class='ocrx_word' id='word_1_76' title='bbox 584 1043 704 1076; x_wconf 89' lang='lat' dir='ltr'>melior</span> <span class='ocrx_word' id='word_1_77' title='bbox 721 1043 855 1077; x_wconf 87' lang='lat' dir='ltr'>fortuna</span> <span class='ocrx_word' id='word_1_78' title='bbox 871 1049 1022 1087; x_wconf 87' lang='lat' dir='ltr'>parente,</span> 
     </span>
    </p>
   </div>
   <div class='ocr_carea' id='block_1_6' title="bbox 179 1094 690 1139">
    <p class='ocr_par' dir='ltr' id='par_1_8' title="bbox 179 1094 690 1139">
     <span class='ocr_line' id='line_1_15' title="bbox 179 1094 690 1139; baseline 0.006 -13"><span class='ocrx_word' id='word_1_79' title='bbox 179 1094 314 1135; x_wconf 90' lang='lat' dir='ltr'>ibimus,</span> <span class='ocrx_word' id='word_1_80' title='bbox 335 1106 356 1128; x_wconf 94' lang='lat'>0</span> <span class='ocrx_word' id='word_1_81' title='bbox 372 1095 454 1128; x_wconf 90' lang='lat' dir='ltr'>socii</span> <span class='ocrx_word' id='word_1_82' title='bbox 470 1096 690 1139; x_wconf 86' lang='lat' dir='ltr'>comitesque.</span> 
     </span>
    </p>
   </div>
   <div class='ocr_carea' id='block_1_7' title="bbox 104 1147 1085 1194">
    <p class='ocr_par' dir='ltr' id='par_1_9' title="bbox 104 1147 1085 1194">
     <span class='ocr_line' id='line_1_16' title="bbox 104 1147 1085 1194; baseline 0.005 -14"><span class='ocrx_word' id='word_1_83' title='bbox 104 1152 108 1156; x_wconf 89' lang='lat'>&#39;</span> <span class='ocrx_word' id='word_1_84' title='bbox 136 1147 185 1180; x_wconf 89' lang='lat' dir='ltr'>nil</span> <span class='ocrx_word' id='word_1_85' title='bbox 201 1148 452 1191; x_wconf 89' lang='lat' dir='ltr'>desperandum</span> <span class='ocrx_word' id='word_1_86' title='bbox 469 1149 602 1182; x_wconf 89' lang='lat' dir='ltr'>Teucro</span> <span class='ocrx_word' id='word_1_87' title='bbox 618 1150 705 1182; x_wconf 88' lang='lat' dir='ltr'>duce</span> <span class='ocrx_word' id='word_1_88' title='bbox 721 1154 754 1183; x_wconf 92' lang='lat' dir='ltr'>et</span> <span class='ocrx_word' id='word_1_89' title='bbox 771 1151 908 1194; x_wconf 80' lang='lat' dir='ltr'>auspice</span> <span class='ocrx_word' id='word_1_90' title='bbox 926 1151 1059 1185; x_wconf 84' lang='lat' dir='ltr'>Teucro</span> <span class='ocrx_word' id='word_1_91' title='bbox 1078 1163 1085 1171; x_wconf 93' lang='lat'><strong>·</strong></span> 
     </span>
    </p>
   </div>
   <div class='ocr_carea' id='block_1_8' title="bbox 180 1202 718 1245">
    <p class='ocr_par' dir='ltr' id='par_1_10' title="bbox 180 1202 718 1245">
     <span class='ocr_line' id='line_1_17' title="bbox 180 1202 718 1245; baseline 0.002 -11"><span class='ocrx_word' id='word_1_92' title='bbox 180 1206 292 1234; x_wconf 88' lang='lat' dir='ltr'>certus</span> <span class='ocrx_word' id='word_1_93' title='bbox 308 1202 398 1234; x_wconf 89' lang='lat' dir='ltr'>enim</span> <span class='ocrx_word' id='word_1_94' title='bbox 415 1202 570 1244; x_wconf 82' lang='lat' dir='ltr'>promisit</span> <span class='ocrx_word' id='word_1_95' title='bbox 588 1203 718 1245; x_wconf 89' lang='lat' dir='ltr'>Apollo</span> 
     </span>
    </p>
   </div>
   <div class='ocr_carea' id='block_1_9' title="bbox 134 1321 1176 1525">
    <p class='ocr_par' dir='ltr' id='par_1_11' title="bbox 134 1321 943 1364">
     <span class='ocr_line' id='line_1_18' title="bbox 134 1321 943 1364; baseline 0.005 -11"><span class='ocrx_word' id='word_1_96' title='bbox 134 1321 333 1364; x_wconf 86' lang='lat' dir='ltr'>ambiguam</span> <span class='ocrx_word' id='word_1_97' title='bbox 349 1321 468 1354; x_wconf 82' lang='lat' dir='ltr'>tellure</span> <span class='ocrx_word' id='word_1_98' title='bbox 486 1332 575 1354; x_wconf 84' lang='lat' dir='ltr'>nova</span> <span class='ocrx_word' id='word_1_99' title='bbox 594 1322 768 1355; x_wconf 82' lang='lat' dir='ltr'>Salamina</span> <span class='ocrx_word' id='word_1_100' title='bbox 785 1323 943 1358; x_wconf 85' lang='lat' dir='ltr'>suturam.</span> 
     </span>
    </p>

    <p class='ocr_par' dir='ltr' id='par_1_12' title="bbox 135 1374 1176 1472">
     <span class='ocr_line' id='line_1_19' title="bbox 179 1374 1176 1420; baseline 0.003 -14"><span class='ocrx_word' id='word_1_101' title='bbox 179 1385 200 1407; x_wconf 95' lang='lat' dir='ltr'>o</span> <span class='ocrx_word' id='word_1_102' title='bbox 217 1374 321 1407; x_wconf 82' lang='lat' dir='ltr'>sortes</span> <span class='ocrx_word' id='word_1_103' title='bbox 338 1374 520 1417; x_wconf 89' lang='lat' dir='ltr'>peioraque</span> <span class='ocrx_word' id='word_1_104' title='bbox 537 1375 627 1417; x_wconf 86' lang='lat' dir='ltr'>passi</span> <span class='ocrx_word' id='word_1_105' title='bbox 1141 1396 1176 1420; x_wconf 86' lang='lat'>30</span> 
     </span>
     <span class='ocr_line' id='line_1_20' title="bbox 135 1428 955 1472; baseline 0.005 -12"><span class='ocrx_word' id='word_1_106' title='bbox 135 1437 270 1460; x_wconf 89' lang='lat' dir='ltr'>mecum</span> <span class='ocrx_word' id='word_1_107' title='bbox 288 1438 389 1471; x_wconf 88' lang='lat' dir='ltr'>saepe</span> <span class='ocrx_word' id='word_1_108' title='bbox 405 1428 478 1467; x_wconf 90' lang='lat' dir='ltr'>viri,</span> <span class='ocrx_word' id='word_1_109' title='bbox 499 1438 587 1460; x_wconf 89' lang='lat' dir='ltr'>nunc</span> <span class='ocrx_word' id='word_1_110' title='bbox 604 1429 683 1460; x_wconf 89' lang='lat' dir='ltr'>vino</span> <span class='ocrx_word' id='word_1_111' title='bbox 700 1429 817 1472; x_wconf 82' lang='lat' dir='ltr'>pellite</span> <span class='ocrx_word' id='word_1_112' title='bbox 833 1441 929 1464; x_wconf 87' lang='lat' dir='ltr'>curas</span> <span class='ocrx_word' id='word_1_113' title='bbox 947 1442 955 1464; x_wconf 76' lang='grc' dir='ltr'><strong><em>ε</em></strong></span> 
     </span>
    </p>

    <p class='ocr_par' dir='ltr' id='par_1_13' title="bbox 178 1480 761 1525">
     <span class='ocr_line' id='line_1_21' title="bbox 178 1480 761 1525; baseline 0.003 -12"><span class='ocrx_word' id='word_1_114' title='bbox 178 1491 251 1514; x_wconf 80' lang='lat' dir='ltr'>cras</span> <span class='ocrx_word' id='word_1_115' title='bbox 268 1480 387 1525; x_wconf 88' lang='lat' dir='ltr'>ingens</span> <span class='ocrx_word' id='word_1_116' title='bbox 399 1480 596 1514; x_wconf 87' lang='lat' dir='ltr'>iterabimus</span> <span class='ocrx_word' id='word_1_117' title='bbox 612 1482 761 1525; x_wconf 87' lang='lat' dir='ltr'>aequor.’</span> 
     </span>
    </p>
   </div>
   <div class='ocr_carea' id='block_1_10' title="bbox 132 1781 1169 1991">
    <p class='ocr_par' dir='ltr' id='par_1_14' title="bbox 132 1781 1169 1991">
     <span class='ocr_line' id='line_1_22' title="bbox 132 1781 789 1829; baseline 0.009 -15"><span class='ocrx_word' id='word_1_118' title='bbox 132 1781 237 1816; x_wconf 89' lang='lat' dir='ltr'><strong>VIII.</strong></span> <span class='ocrx_word' id='word_1_119' title='bbox 359 1783 494 1824; x_wconf 77' lang='lat' dir='ltr'><strong>YDIA,</strong></span> <span class='ocrx_word' id='word_1_120' title='bbox 515 1785 580 1825; x_wconf 89' lang='lat' dir='ltr'>dic,</span> <span class='ocrx_word' id='word_1_121' title='bbox 601 1797 662 1829; x_wconf 87' lang='lat' dir='ltr'>per</span> <span class='ocrx_word' id='word_1_122' title='bbox 678 1786 789 1820; x_wconf 89' lang='lat' dir='ltr'>omnis</span> 
     </span>
     <span class='ocr_line' id='line_1_23' title="bbox 380 1838 1169 1885; baseline 0.01 -16"><span class='ocrx_word' id='word_1_123' title='bbox 380 1843 412 1870; x_wconf 92' lang='lat' dir='ltr'>te</span> <span class='ocrx_word' id='word_1_124' title='bbox 429 1838 512 1870; x_wconf 86' lang='lat' dir='ltr'>deos</span> <span class='ocrx_word' id='word_1_125' title='bbox 528 1849 597 1878; x_wconf 86' lang='lat' dir='ltr'>oro,</span> <span class='ocrx_word' id='word_1_126' title='bbox 617 1840 762 1881; x_wconf 87' lang='lat' dir='ltr'>Sybarin</span> <span class='ocrx_word' id='word_1_127' title='bbox 775 1851 833 1873; x_wconf 87' lang='lat' dir='ltr'>cur</span> <span class='ocrx_word' id='word_1_128' title='bbox 848 1852 1009 1885; x_wconf 83' lang='lat' dir='ltr'>properes</span> <span class='ocrx_word' id='word_1_129' title='bbox 1022 1842 1169 1876; x_wconf 86' lang='lat' dir='ltr'>amando</span> 
     </span>
     <span class='ocr_line' id='line_1_24' title="bbox 265 1890 663 1934; baseline 0.005 -12"><span class='ocrx_word' id='word_1_130' title='bbox 265 1890 417 1932; x_wconf 85' lang='lat' dir='ltr'>perdere,</span> <span class='ocrx_word' id='word_1_131' title='bbox 437 1901 495 1923; x_wconf 87' lang='lat' dir='ltr'>cur</span> <span class='ocrx_word' id='word_1_132' title='bbox 511 1891 663 1934; x_wconf 88' lang='lat' dir='ltr'>apricum</span> 
     </span>
     <span class='ocr_line' id='line_1_25' title="bbox 221 1941 1060 1991; baseline 0.008 -17"><span class='ocrx_word' id='word_1_133' title='bbox 221 1941 329 1975; x_wconf 86' lang='lat' dir='ltr'>oderit</span> <span class='ocrx_word' id='word_1_134' title='bbox 346 1953 516 1986; x_wconf 89' lang='lat' dir='ltr'>campum,</span> <span class='ocrx_word' id='word_1_135' title='bbox 537 1944 670 1987; x_wconf 83' lang='lat' dir='ltr'>patiens</span> <span class='ocrx_word' id='word_1_136' title='bbox 684 1944 834 1988; x_wconf 84' lang='lat' dir='ltr'>pulveris</span> <span class='ocrx_word' id='word_1_137' title='bbox 851 1950 951 1991; x_wconf 88' lang='lat' dir='ltr'>atque</span> <span class='ocrx_word' id='word_1_138' title='bbox 968 1947 1060 1982; x_wconf 87' lang='lat' dir='ltr'>solis.</span> 
     </span>
    </p>
   </div>
  </div>
 </body>
</html>
