1410 2283
281 136 339 164 282
571 134 606 172 Q.
639 132 828 164 HORATI
851 132 1021 164 FLACCI

281 219 339 240 cur
355 209 479 241 nescire
496 208 624 250 pudens
641 218 742 250 prave
759 217 859 250 quam
876 206 1003 239 discere
1018 206 1134 239 malo?

282 260 429 292 versibus
445 260 566 301 exponi
583 260 716 301 tragicis
732 269 783 291 res
799 259 927 291 comica
943 269 1011 291 non
1027 259 1116 291 volt:

281 312 472 353 indignatur
488 312 567 343 item
583 311 722 353 privatis
737 321 776 342 ac
792 321 897 353 prope
914 321 1012 343 socco
1266 323 1304 350 90

280 364 390 405 dignis
406 363 609 395 carminibus
626 362 751 394 narrari
768 372 850 394 cena
865 362 1042 404 Thyestae.

281 415 410 457 singula
427 425 577 457 quaeque
593 415 704 446 locum
722 418 856 446 teneant
871 414 988 446 sortita
1002 414 1189 446 decentem.

282 467 447 499 interdum
464 471 574 498 tamen
591 471 622 498 et
639 476 755 498 vocem
771 465 946 498 comoedia
963 465 1050 498 tollit

281 519 448 560 iratusque
465 518 625 550 Chremes
642 517 770 549 tumido
786 517 937 559 delitigat
954 527 1011 551 ore
1024 529 1035 556 ;

279 575 312 602 et
329 570 471 612 tragicus
488 570 682 612 plerumque
699 569 790 601 dolet
808 579 959 601 sermone
975 568 1120 611 pedestri

281 623 451 664 Telephus
469 628 500 655 et
519 622 648 660 Peleus,
669 632 745 654 cum
763 631 890 664 pauper
907 625 939 654 et
955 620 1048 653 exsul
1065 625 1206 663 uterque

279 675 398 716 proicit
415 674 580 716 ampullas
596 677 629 706 et
646 673 891 715 sesquipedalia
907 673 1018 711 verba,

278 726 304 757 si
323 732 414 759 curat
431 737 488 759 cor
504 726 684 768 spectantis
701 725 846 766 tetigisse
863 724 1007 766 querela.

279 788 347 810 non
365 779 444 810 satis
460 783 508 810 est
527 777 641 820 pulcra
659 787 729 808 esse
746 781 921 818 poemata:
945 775 1056 807 dulcia
1073 779 1182 814 sunto,

278 834 312 861 et
325 839 534 871 quocumque
552 828 664 859 volent
681 828 830 858 animum
846 826 1008 858 auditoris
1023 831 1158 868 agunto.
1251 842 1302 859 100

278 887 314 914 ut
331 882 513 914 ridentibus
531 881 694 918 adrident,
714 880 760 911 ita
777 879 931 911 flentibus
948 879 1067 910 adsunt

278 933 415 965 humani
434 933 552 964 voltus.
602 932 629 964 si
645 932 695 963 vis
711 942 764 963 me
781 931 869 969 flere,
890 930 1073 962 dolendum
1088 934 1138 962 est

278 985 423 1027 primum
441 985 503 1026 ipsi
522 984 603 1015 tibi:
628 990 705 1015 tunc
720 988 776 1014 tua
793 993 845 1014 me
863 981 1043 1014 infortunia
1059 981 1207 1021 laedent,

279 1037 429 1079 Telephe
447 1036 499 1068 vel
518 1036 639 1066 Peleu:
664 1034 751 1066 male
768 1034 794 1065 si
813 1033 971 1065 mandata
987 1033 1142 1076 loqueris,

278 1095 334 1120 aut
350 1088 541 1120 dormitabo
557 1091 613 1119 aut
631 1087 757 1118 ridebo.
808 1086 914 1118 tristia
929 1091 1094 1118 maestum

278 1141 406 1172 voltum
423 1141 523 1172 verba
538 1140 670 1177 decent,
691 1139 810 1170 iratum
827 1138 928 1180 plena
944 1138 1121 1176 minarum,

277 1193 447 1225 ludentem
465 1192 598 1230 lasciva,
619 1201 769 1223 severum
787 1190 871 1222 seria
887 1190 989 1222 dictu.

278 1245 398 1276 format
414 1245 503 1277 enim
521 1248 638 1275 natura
655 1243 745 1285 prius
761 1252 822 1274 nos
839 1242 926 1273 intus
943 1241 987 1273 ad
1003 1251 1139 1273 omnem

278 1296 482 1328 fortunarum
499 1295 651 1327 habitum
666 1307 675 1334 ;
699 1294 790 1325 iuvat
806 1298 865 1325 aut
880 1293 1022 1334 impellit
1040 1293 1082 1324 ad
1100 1292 1196 1331 iram,

278 1353 333 1380 aut
350 1349 392 1380 ad
409 1348 546 1379 humum
563 1356 711 1379 maerore
728 1346 820 1388 gravi
837 1345 972 1377 deducit
988 1349 1022 1377 et
1037 1344 1129 1387 angit
1145 1356 1153 1376 :
1252 1359 1305 1376 110

277 1405 354 1442 post
369 1400 461 1432 effert
479 1399 582 1432 animi
598 1403 707 1430 motus
725 1398 905 1439 interprete
922 1397 1046 1439 lingua.

279 1454 305 1484 si
322 1452 462 1484 dicentis
478 1457 573 1484 erunt
590 1450 730 1483 fortunis
747 1449 873 1481 absona
889 1448 989 1487 dicta,

280 1505 425 1536 Romani
442 1504 560 1536 tollent
578 1503 704 1544 equites
722 1501 916 1544 peditesque
933 1499 1144 1532 cachinnum.

278 1557 424 1588 intererit
440 1556 581 1588 multum
598 1555 735 1586 divusne
753 1553 907 1594 loquatur
923 1562 965 1583 an
982 1551 1090 1590 heros,

278 1615 466 1640 maturusne
483 1618 584 1640 senex
600 1617 642 1638 an
659 1606 767 1637 adhuc
784 1604 920 1636 florente
938 1603 1074 1635 iuventa

278 1661 433 1699 fervidus,
453 1664 486 1692 et
501 1664 654 1691 matrona
670 1662 789 1700 potens
807 1667 850 1688 an
865 1655 982 1688 sedula
997 1655 1118 1694 nutrix,

279 1718 483 1744 mercatorne
500 1721 602 1753 vagus
619 1710 771 1742 cultorne
785 1707 922 1740 virentis
940 1706 1051 1749 agelli,

281 1764 426 1796 Colchus
443 1774 485 1795 an
502 1763 668 1804 Assyrius,
690 1760 818 1792 Thebis
835 1759 978 1791 nutritus
994 1769 1037 1790 an
1052 1756 1163 1800 Argis,

279 1820 335 1847 aut
351 1815 472 1847 famam
489 1825 624 1856 sequere
640 1818 696 1845 aut
713 1811 776 1844 sibi
796 1810 1028 1844 convenientia
1043 1809 1144 1850 finge.

278 1868 418 1909 scriptor
436 1867 658 1906 †honoratum
675 1865 701 1897 si
719 1864 801 1896 forte
819 1862 952 1905 reponis
967 1860 1147 1898 Achillem,
1251 1872 1302 1889 120

278 1919 429 1962 impiger,
449 1918 633 1956 iracundus,
656 1914 885 1954 inexorabilis,
903 1923 979 1946 acer
