1458 2315
131 145 229 187 VI11.]
381 147 444 177 SA
454 146 692 178 TJRARUM
712 148 858 177 LIBER
885 149 932 178 ΙΙ,
1126 156 1186 187 225

130 223 313 256 commoda
329 223 410 256 dent
425 235 435 264 ;
459 224 507 256 ita
524 223 574 256 vir
589 223 700 256 bonus
717 234 753 256 es
770 223 983 267 convivaque
1000 223 1106 257 comis
1123 223 1162 257 :''

131 281 166 309 et
182 276 291 309 soleas
307 277 429 320 poscit.
481 281 554 309 tum
571 277 607 308 in
623 277 712 309 lecto
729 287 865 320 quoque
882 277 1015 310 videres

130 330 272 362 stridere
290 334 419 362 secreta
435 330 564 362 divisos
582 341 661 362 aure
678 329 857 362 susurros.’

130 383 244 416 nullos
261 383 314 416 his
332 378 588 416 mallem‘ludos
605 388 775 426 spectasse
793 396 800 416 ε
825 384 884 416 sed
902 383 962 416 illa

130 436 236 469 redde
253 447 316 480 age
333 448 420 480 quae
437 437 601 480 deinceps
619 437 731 470 risisti.
789 438 797 453 ‘
810 437 971 469 Vibidius
988 438 1069 470 dum
1149 445 1183 470 80

130 490 263 533 quaerit
279 490 323 522 de
339 490 452 533 pueris
468 501 551 522 num
567 490 609 522 sit
627 501 762 534 quoque
779 490 885 523 fracta
902 491 1056 534 lagoena,

132 543 226 586 quod
244 543 309 576 sibi
325 543 480 586 poscenti
497 554 566 576 non
584 544 709 576 dantur
725 543 860 587 pocula,
883 544 1034 587 dumque

131 597 259 629 ridetur
276 596 363 629 fictis
380 608 503 637 rerum,
524 597 708 629 Balatrone
726 597 888 637 secundo,

131 650 332 689 Nasffliene,
354 650 443 683 redis
460 654 611 683 mutatae
628 650 758 689 frontis,
779 654 815 682 ut
833 654 904 682 arte

131 703 371 736 emendaturus
387 702 569 736 fortunam.
622 703 746 736 deinde
764 703 869 735 secuti

131 767 334 789 mazonomo
350 757 446 799 pueri
460 767 585 799 magno
603 757 774 799 discerpta
791 756 936 789 ferentes

130 810 285 843 membra
300 810 392 852 gruis
409 810 516 853 sparsi
531 809 602 842 sale
618 809 728 842 multo
745 820 814 841 non
833 809 906 842 sine
924 809 1022 849 farre,

130 863 313 907 pinguibus
330 868 362 895 et
381 863 453 895 ficis
470 867 606 905 pastum
622 863 714 895 iecur
731 863 860 895 anseris
877 862 987 902 albae,

130 921 165 949 et
180 916 334 959 leporum
351 916 496 956 avolsos,
517 921 554 949 ut
572 915 680 948 multo
698 916 846 956 suavius,
867 926 990 955 armos,

131 980 235 1013 quam
251 969 279 1002 si
295 980 373 1002 cum
390 969 515 1002 lumbis
532 969 608 1012 quis
625 969 707 1002 edit.
755 974 828 1001 tum,
845 973 983 1012 pectore
1000 968 1122 1001 adusto
1148 984 1184 1010 90

132 1022 284 1055 vidimus
300 1026 335 1055 et
352 1022 503 1055 merulas
519 1022 605 1066 poni
623 1026 657 1054 et
674 1021 751 1054 sine
768 1021 870 1054 clune
887 1021 1066 1065 palumbis
1082 1032 1091 1063 ς

125 1069 249 1112 'suavis
265 1089 330 1118 res,
351 1079 381 1111 si
398 1089 471 1111 non
488 1089 611 1110 causas
628 1083 784 1111 narraret
801 1089 921 1110 earum
939 1083 974 1111 et

134 1141 275 1168 naturas
292 1135 477 1167 dominus:
504 1145 609 1178 quem
623 1145 688 1167 nos
704 1134 754 1166 sic
772 1134 926 1177 fugimus
944 1133 1010 1166 ulti

135 1197 173 1225 ut
190 1192 278 1224 nihil
295 1191 439 1224 omnino
455 1195 687 1234 gustaremus,
707 1190 804 1222 velut
822 1190 890 1222 illis

135 1247 288 1280 Canidia
305 1246 468 1280 adflasset
484 1246 584 1290 peior
601 1245 823 1289 serpentibus
840 1245 947 1280 Afris.
