1458 2315
89 143 171 186 vu]

96 612 161 645 VI.

417 141 619 174 EPODON
643 142 797 173 LIBER.
1075 149 1133 180 143

181 225 260 265 post
275 219 445 263 insepulta
459 219 614 252 membra
630 218 787 251 different
803 217 876 260 lupi

227 279 262 307 et
278 273 479 316 Esquilinae
496 272 604 311 alites,
1083 284 1135 302 100

182 337 293 370 neque
308 325 374 359 hoc
391 325 540 368 parentis
557 324 624 357 heu
641 324 725 357 mihi
742 322 939 367 superstites

229 379 383 422 effugerit
400 377 652 421 spectaculum!

290 611 381 645 UID
398 610 606 643 immerentis
621 610 773 653 hospites
789 620 891 643 vexas
907 609 1001 643 canis

332 664 474 707 ignavus
490 663 670 696 adversum
686 663 785 705 lupos
796 664 811 695 ?

186 718 270 762 quin
284 717 351 750 huc
367 717 489 756 inanis,
510 717 537 749 si
554 721 662 759 potes,
684 716 786 749 vertis
803 715 924 756 minas,

231 775 265 803 et
281 781 336 802 me
352 780 578 802 remorsurum
590 769 676 811 petis
691 770 706 801 ?

186 834 267 856 nam
283 822 392 866 qualis
408 827 466 854 aut
483 821 655 855 Molossus
671 826 727 854 aut
744 821 855 854 sulvus
873 821 978 862 Laco,

232 875 340 908 amica
356 875 406 907 vis
422 874 625 918 pastoribus,

188 939 289 972 agam
304 939 366 971 per
381 927 466 960 altas
483 938 562 960 aure
579 926 713 959 sublata
729 927 836 967 nives,

234 991 468 1024 quaecumque
485 981 665 1024 praecedet
683 981 762 1013 sera.

190 1039 238 1074 tu,
258 1045 336 1067 cum
353 1034 504 1066 timenda
520 1044 603 1066 voce
620 1034 799 1077 complesti
815 1044 946 1074 nemus,

236 1087 425 1129 proiectum
438 1087 590 1119 odoraris
607 1087 732 1119 cibum.
1104 1102 1138 1126 19

192 1150 285 1179 cave,
305 1150 386 1172 cave
404 1151 412 1171 ε
436 1150 583 1182 namque
600 1140 636 1171 in
651 1139 760 1172 malos
777 1139 980 1182 asperrimus

235 1196 353 1234 parata
368 1191 453 1224 tollo
470 1202 606 1231 cornua,

192 1245 302 1288 qualis
319 1244 511 1286 Lycambae
528 1249 658 1286 spretus
676 1245 780 1277 infido
797 1255 910 1288 gener,

237 1302 295 1330 aut
311 1308 388 1330 acer
402 1297 509 1329 hostis
526 1297 669 1339 Bupalo,

193 1361 247 1389 an,
270 1350 296 1382 si
314 1349 388 1392 quis
405 1354 478 1381 atro
494 1349 596 1381 dente
613 1361 666 1382 me
684 1350 851 1392 petiverit,

239 1402 365 1436 inultus
381 1407 418 1435 ut
435 1402 524 1435 flebo
541 1403 649 1445 puer?

106 1637 190 1670 VII.
320 1635 400 1675 UO,
422 1645 489 1678 quo
504 1635 635 1668 scelesti
654 1635 774 1669 ruitis?
798 1640 855 1669 aut
873 1647 930 1669 cur
947 1637 1093 1671 dexteris

238 1715 309 1738 A
363 1693 521 1732 aptantur
538 1699 634 1721 enses
649 1690 778 1722 conditi
792 1690 806 1722 ?

194 1753 359 1786 parumne
375 1742 502 1784 campis
519 1747 620 1784 atque
638 1742 800 1784 Neptuno
818 1753 918 1786 super

239 1795 350 1827 susum
366 1799 417 1827 est
435 1794 548 1826 Latini
566 1794 760 1836 sanguinis?

194 1858 264 1880 non
281 1852 316 1880 ut
334 1847 495 1890 superbas
513 1847 646 1880 invidae
665 1847 881 1890 Carthaginis

240 1901 417 1932 Romanus
434 1910 526 1932 arces
543 1904 663 1938 ureret,

196 1952 340 1986 intactus
356 1958 413 1985 aut
430 1953 610 1985 Britannus
626 1956 662 1985 ut
679 1951 898 1985 descenderet
