1458 2315
98 147 168 190 HL}
337 149 397 180 SA
406 149 438 179 T
435 148 640 179 JRARUM
660 149 806 179 LIBER
832 149 879 180 II.
1073 159 1132 188 199

97 235 120 257 o
135 222 242 267 pueri,
261 222 419 263 nituistis‚
437 227 474 256 ut
489 222 556 256 huc
571 234 679 256 novus
695 223 806 256 incola
822 223 943 256 venit?

97 287 177 309 nam
192 275 351 320 propriae
366 276 495 308 telluris
511 286 604 308 erum
620 276 752 308 Natura
768 287 877 318 neque
893 276 989 308 illurn

97 339 161 362 nec
176 339 231 362 me
243 339 306 361 nec
321 338 526 370 quemquam
543 328 659 360 statuit
675 341 683 361 ε
708 338 769 361 nos
785 328 914 371 expulit
930 328 988 361 ille
1001 340 1011 368 ;
1083 343 1133 368 130

98 381 195 414 illum
211 385 268 413 aut
284 381 451 423 nequities
467 386 524 413 aut
541 381 624 412 vafri
642 381 774 413 inscitia
791 381 881 421 iun's,

98 438 308 477 postremum
324 433 468 475 expellet
484 437 574 466 ceute
591 434 740 466 vivacior
755 433 862 466 heres.

97 497 187 518 nunc
201 496 282 528 ager
299 485 466 518 Umbreni
483 486 545 517 sub
560 486 708 524 nomine,
728 496 835 528 nuper
852 485 955 518 Ofelli

97 538 219 577 dictus,
240 538 303 570 erit
318 537 403 570 nulli
419 537 586 580 proprius,
603 539 662 570 sed
680 538 776 570 cedet
793 539 827 570 in
844 549 941 571 usum

99 601 188 623 nunc
204 590 298 630 mihi,
318 600 407 622 nunc
422 590 490 623 alii.
540 591 696 633 quocirca
712 591 814 623 vivite
831 591 933 624 fortes

98 643 265 686 fortiaque
280 643 429 676 adversis
444 643 606 686 opponite
622 648 758 686 pectora
775 644 884 676 rebus.

99 840 171 874 111.
224 840 234 857 ‘
312 840 361 874 IC
377 851 453 873 raro
469 840 595 880 scribis,
615 845 652 873 ut
669 844 741 873 toto
757 850 825 872 non
842 844 961 882 quater
977 850 1066 872 anno

333 893 567 926 membranam
593 903 722 936 poscaS‚
753 893 952 935 scriptorum
981 902 1134 935 quaeque

454 951 618 985 retexens,

101 997 206 1030 iratus
220 997 283 1030 tibi
295 997 388 1041 quod
403 998 472 1030 vini
489 999 665 1041 somnique
681 998 847 1040 benignus

102 1049 151 1082 nil
167 1050 308 1093 dignum
325 1061 478 1083 sermone
495 1061 607 1083 canas.
652 1050 733 1093 quid
752 1050 806 1083 fiet
819 1052 834 1082 ?
857 1054 889 1082 at
908 1050 990 1093 ipsis

107 1101 341 1134 Saturnalibus
356 1102 422 1134 huc
439 1102 551 1145 fugisti
569 1102 710 1135 sobrius.
760 1113 840 1144 ergo

104 1154 159 1186 dic
175 1154 303 1197 aliquid
320 1154 461 1197 dignum
477 1155 659 1197 promissis.
710 1154 832 1196 incipe.
881 1153 929 1185 nil
946 1159 1005 1187 est.

105 1206 283 1249 culpantur
299 1206 418 1239 frustra
433 1206 553 1238 calami
570 1206 820 1248 immeritusque
838 1206 968 1238 laborat

106 1258 199 1290 iratis
217 1263 315 1291 natus
331 1258 442 1301 paries
458 1258 510 1289 dis
522 1264 624 1300 atque
641 1259 760 1300 poetis.

106 1310 199 1353 atqui
217 1310 326 1343 voltus
341 1315 412 1343 erat
429 1310 535 1342 multa
551 1316 583 1342 et
601 1310 770 1353 praeclara
787 1310 956 1350 minantis,

106 1362 134 1395 si
151 1373 293 1395 vacuum
310 1362 427 1405 tepido
443 1361 585 1404 cepisset
603 1363 719 1394 villula
736 1368 835 1395 tecto.
1107 1379 1138 1395 ιο

107 1425 265 1458 quorsum
281 1415 441 1458 pertinuit
458 1415 582 1457 stipare
601 1415 744 1447 Platona
763 1415 961 1454 Menandro,

108 1466 270 1510 Eupolin,
291 1467 546 1506 Archilochum,
567 1468 708 1500 comites
725 1468 866 1500 educere
883 1468 1020 1500 tantos?

107 1520 270 1553 invidiam
288 1519 420 1563 placare
438 1530 535 1562 paras
548 1520 670 1552 virtute
688 1520 802 1552 relicta
815 1521 830 1552 Ρ

105 1578 332 1610 contemnere,
355 1572 465 1604 miser.
515 1572 652 1603 vitanda
667 1578 715 1604 est
734 1572 887 1615 improba
907 1572 1004 1605 Siren

107 1624 260 1665 Desidia,
276 1630 332 1657 aut
349 1624 509 1667 quicquid
527 1624 594 1656 vita
612 1624 749 1656 meliore
766 1625 890 1666 parasti

106 1678 302 1720 ponendum
319 1688 427 1719 aequo
447 1675 583 1709 animo!
629 1677 662 1708 di
687 1682 728 1715 tc,
751 1677 968 1720 Damasippo,
988 1677 1138 1720 deaeque

108 1739 223 1762 verum
241 1730 286 1762 ob
302 1729 479 1762 consilium
497 1729 621 1761 donent
640 1734 784 1761 tonsore.
833 1729 890 1761 sed
908 1730 996 1762 unde

107 1785 178 1813 tam
194 1781 282 1814 bene
295 1792 349 1814 me
365 1781 480 1813 nosti?
505 1781 514 1797 ⁴
527 1786 704 1823 postquam
727 1781 837 1813 omnis
858 1792 908 1814 res
926 1792 999 1814 mea
1018 1782 1136 1814 Ianum

107 1832 152 1865 ad
167 1834 316 1866 medium
334 1833 439 1866 sracta
455 1838 515 1872 est,
536 1833 645 1865 aliena
663 1834 797 1875 negotia
813 1844 902 1872 curo,

106 1894 263 1919 excussus
279 1886 433 1929 propriis.
483 1885 564 1918 olim
582 1896 659 1918 nam
677 1897 835 1928 quaerere
851 1886 1006 1919 amabam
1106 1902 1140 1918 πο

106 1947 176 1980 quo
191 1938 282 1972 vafer
298 1938 354 1972 illc
368 1939 470 1982 pedes
489 1938 620 1970 lavisset
640 1938 803 1981 Sisyphus
819 1949 905 1979 aere,

20 2187 102 2315 ιβ’
33 2145 59 2170 ‚.
