1410 2283
271 148 329 178 108

274 919 333 953 IV.

546 147 583 187 Q.
614 147 746 179 HORA
755 148 806 179 TI
828 147 1001 181 FLACC!
1231 146 1299 189 [ιιι.

447 232 469 255 ο
486 222 665 256 testudinis
681 233 802 256 aurete

403 273 537 308 dulcem
553 285 639 318 quae
654 275 842 318 strepitum,
864 274 965 316 Pieri,
985 278 1165 319 mpetu&

446 337 469 359 o
485 327 585 359 mutis
600 337 733 371 quoque
749 327 897 370 piscibus

401 378 567 412 donatura
583 380 690 422 cycni,
709 379 736 412 si
754 379 869 420 libeat,
888 389 1020 420 sonum,
1269 394 1304 412 ω

448 513 556 541 totum
573 507 720 541 muneris
736 507 801 542 hoc
818 508 867 542 tui
884 513 935 542 est

402 561 493 604 quod
512 566 679 593 monstror
694 560 803 604 digito
818 559 1103 604 praetereuntium

449 613 624 646 Romanae
641 612 763 646 fidicen
778 613 869 656 lyrae
884 625 894 653 ;

402 665 494 708 quod
510 665 602 709 spiro
617 670 649 699 et
666 666 795 709 placeo,
815 665 842 699 si
859 665 987 709 placeo,
1008 669 1102 699 tuum
1117 670 1179 699 est.

502 919 679 953 UALEM
696 919 885 953 ministrum
902 918 1052 953 fulminis
1066 918 1196 960 alitem,

522 973 576 1005 cui
594 983 651 1005 rex
665 972 806 1005 deorum
823 983 964 1016 regnum
979 972 1014 1006 in
1030 973 1103 1007 avis
1117 982 1221 1016 vagas

447 1024 597 1067 permisit
614 1029 771 1068 expertus
787 1024 923 1058 fidelem

492 1077 646 1120 luppiter
661 1077 695 1110 in
712 1077 909 1120 Ganymede
925 1075 1023 1117 flavo,

400 1205 482 1238 olim
500 1205 652 1238 iuventas
667 1210 700 1239 et
718 1205 847 1249 patrius
862 1205 958 1249 vigor

400 1258 482 1290 nido
499 1258 651 1290 laborum
668 1257 817 1301 propulit
832 1257 988 1299 inscium,

443 1310 605 1352 vernique
621 1310 688 1342 iam
704 1309 830 1343 nimbis
845 1309 983 1344 remotis

488 1363 641 1396 insolitos
655 1362 800 1396 docuere
812 1362 908 1396 nisus
948 1361 955 1370 '

398 1491 491 1525 venti
507 1496 697 1535 paventem,
716 1500 797 1526 mox
812 1491 848 1524 in
863 1490 968 1525 ovilia

398 1543 533 1577 demisit
549 1543 682 1577 hostem
698 1543 832 1578 vividus
847 1544 1004 1590 impetus,

441 1607 531 1630 nunc
547 1596 582 1629 in
598 1595 793 1630 reluctantis
807 1591 982 1630 atheon&

487 1649 556 1692 egit
573 1659 668 1682 amor
682 1649 781 1693 dapis
795 1654 897 1693 atque
911 1658 1070 1693 pugnae3

395 1776 572 1821 qualemve
587 1777 685 1810 laetis
700 1787 822 1820 caprea
834 1776 970 1820 pascuis

398 1830 526 1862 intenta
541 1829 652 1862 fulvae
667 1829 784 1862 matris
798 1829 843 1862 ab
857 1829 962 1863 ubere

439 1881 507 1914 iam
523 1881 610 1914 lacte
625 1881 806 1925 depulsum
820 1881 955 1917 leonem

484 1933 585 1967 dente
601 1944 691 1967 novo
706 1934 856 1978 peritura
866 1934 964 1975 vidit,
