1458 2315
136 118 231 161 xm]

135 263 246 297 XIII.

386 121 667 152 CARMINUM
690 121 838 152 LIBER
865 121 931 152 Ill.
1152 120 1192 159 83

433 265 564 299 FONS
584 264 790 305 Bandusiae,
812 263 1025 308 splendidior
1041 262 1140 304 vitro,

441 318 532 351 dulei
549 319 652 361 digne
668 329 763 351 mero
779 329 849 351 non
867 318 940 351 sine
957 317 1108 357 floribus,

362 382 436 404 cras
452 372 637 405 donaberis
654 372 778 412 haedo,

406 424 462 457 cui
477 425 570 458 frons
588 425 724 468 turgida
740 426 899 458 cornibus

319 529 439 573 primis
455 534 488 562 et
504 541 663 563 venerem
680 535 714 563 et
731 531 862 574 proelia
877 531 1037 564 destinat.

314 583 438 616 frustra
457 594 465 616 ε
486 594 568 615 nam
583 583 717 626 gelidos
733 584 860 618 inficiet
877 585 940 618 tibi

363 636 467 669 rubro
483 637 648 679 sanguine
665 637 755 669 rivos

407 689 526 722 lascivi
543 690 679 723 suboles
695 690 817 734 gregis.

317 807 352 836 te
368 802 542 845 flagrantis
558 808 654 836 atrox
671 803 758 836 hora
775 804 963 839 Caniculae

316 855 425 889 nescit
440 860 590 899 tangere,
612 861 649 889 tu
666 857 770 900 sn'gus
786 859 935 891 amabile
1161 877 1195 895 ιο

361 908 458 941 fessis
472 920 612 942 vomere
628 910 733 943 tauris

405 962 550 1005 praebes
565 967 599 995 et
615 963 732 1006 pecori
747 975 846 1007 vago.

317 1073 378 1107 fies
395 1074 562 1108 nobilium
580 1080 616 1108 tu
632 1087 768 1119 quoque
786 1076 943 1118 fontium,

316 1138 373 1161 me
386 1128 522 1161 dicente
539 1129 630 1161 cavis
646 1129 842 1172 impositam
861 1131 974 1164 ilicem

362 1181 463 1220 saxis,
479 1181 570 1214 unde
586 1181 748 1224 loquaces

405 1233 567 1278 lymphae
583 1235 744 1268 desiliunt
763 1240 849 1269 tuae.

426 1513 644 1548 ERCULIS
662 1514 729 1547 ritu
744 1515 850 1548 modo
866 1516 987 1557 dictuS‚
1004 1527 1025 1550 o
1040 1517 1148 1562 plebs,

446 1571 557 1600 morte
573 1567 731 1601 venalem
748 1569 887 1611 petiisse
903 1569 1036 1604 laurum

315 1619 442 1653 Caesar
459 1620 618 1663 Hispana
633 1621 756 1663 repetit
771 1624 905 1665 penatis

495 1673 604 1706 victor
619 1673 664 1706 ab
681 1685 750 1707 ora.

313 1777 414 1810 unico
430 1778 584 1820 gaudens
600 1779 724 1812 mulier
737 1781 861 1813 marito

311 1830 457 1873 prodeat
473 1832 569 1864 iustis
588 1838 727 1875 operata
743 1833 842 1874 divis,

312 1887 347 1916 et
363 1894 457 1917 soror
475 1884 556 1918 clari
574 1885 670 1918 ducis
688 1890 721 1918 et
738 1886 883 1921 decorae

492 1938 645 1981 supplice
663 1939 748 1972 vitta
