1458 2315
105 153 159 195 x]
371 155 649 186 CARMINUM
671 155 818 186 LIBER
844 156 872 187 I.
1106 166 1142 196 13

239 230 321 274 quid
337 230 381 264 sit
398 230 546 264 futurum
561 241 634 264 cras
650 230 728 275 fuge
745 242 914 275 quaerere,
935 236 969 265 et

238 295 341 328 quem
358 295 429 317 sors
444 285 576 317 dierum
592 295 736 328 cumque
753 285 848 319 dabit
863 285 957 319 lucro

285 348 430 380 appone,
452 348 515 370 nec
532 337 639 370 dulcis
656 349 786 371 amores

328 401 450 433 sperne
465 401 548 433 puer
564 401 673 434 neque
690 397 726 424 tu
742 391 892 432 choreas,

238 512 349 545 donec
364 512 486 546 virenti
501 512 640 546 canities
657 513 751 546 abest

239 576 385 598 morosa.
434 576 525 599 nunc
542 571 574 598 et
590 577 731 609 campus
747 571 780 598 et
797 577 895 600 areae

285 619 445 662 lenesque
462 619 525 651 sub
542 624 677 651 noctem
695 620 819 652 susum*

329 671 519 714 composita
533 677 728 714 repetantur
743 672 837 713 hora,
1105 686 1143 709 20

238 803 328 826 nunc
344 797 378 826 et
393 792 531 826 latentis
547 793 701 836 proditor
716 793 837 827 intimo

239 850 354 889 gratus
370 845 505 888 pueHae
522 846 606 879 risus
623 847 666 879 ab
683 846 820 889 angulo,

281 900 471 944 pignusque
487 901 664 943 dereptum
680 901 814 934 lacertis

325 958 382 986 aut
399 954 508 998 digito
524 954 613 987 male
630 955 804 998 pertinaci.

118 1255 164 1289 X.
315 1257 518 1297 ERCURI,
540 1257 682 1290 facunde
698 1269 804 1301 nepos
820 1258 980 1299 Atlantis,

337 1310 395 1353 qui
411 1310 498 1343 feros
513 1310 620 1343 cultus
637 1310 813 1344 hominum
830 1318 1001 1345 recentum

194 1373 277 1396 voce
294 1362 445 1395 formasti
463 1368 557 1396 catus
573 1367 605 1395 et
622 1363 764 1397 decorae

368 1426 462 1448 more
478 1416 674 1459 palaestrae,

191 1541 224 1570 te
240 1547 372 1577 canam,
393 1538 508 1581 magni
525 1538 617 1571 Iovis
633 1543 665 1571 et
682 1538 822 1571 deorum

190 1590 348 1622 nuntium
364 1601 552 1633 curvaeque
569 1591 660 1632 lyrae
677 1598 862 1634 parentem,

189 1642 350 1676 callidum
368 1644 528 1687 quicquid
546 1644 672 1686 placuit
688 1645 802 1678 iocoso

367 1697 511 1729 condere
528 1697 626 1730 furto.

190 1819 233 1855 te,
254 1816 359 1850 boves
375 1817 458 1850 olim
474 1818 538 1850 nisi
554 1819 754 1851 reddidisses

189 1879 253 1911 per
267 1868 385 1902 dolum
401 1876 542 1910 amotas,
563 1881 703 1913 puerum
720 1871 842 1905 minaci
1099 1887 1134 1908 ιο

190 1931 272 1954 voce
288 1922 370 1955 dum
388 1927 500 1963 terret,
521 1924 641 1956 viduus
658 1923 814 1967 pharetra

365 1975 437 2008 risit
453 1976 594 2019 Apollo.
