1458 2315
101 130 157 173 11.]
335 125 696 164 EPISTULARUM
719 132 866 163 LIBER
893 134 920 164 J.

103 207 260 240 Antenor
276 212 390 241 censet
406 207 489 240 belli
505 206 701 251 praecidere
717 219 864 241 causam.

102 261 187 304 quid
204 261 326 294 Paris?
347 266 385 294 ut
401 261 514 294 salvus
530 267 648 304 regnet
664 262 824 305 vivatque
840 262 960 295 beatus

99 314 178 357 cogi
193 325 294 357 posse
309 318 423 357 negat.
473 315 601 347 Nestor
617 325 822 358 componere
839 315 916 349 lites

100 366 190 400 inter
209 367 351 400 Peliden
368 367 503 400 festinat
520 372 553 401 et
569 368 658 401 inter
674 369 822 401 Atriden
840 382 848 402 :

103 420 195 453 hunc
211 431 317 460 amor,
338 421 387 453 ira
403 421 542 464 quidem
559 422 784 454 communiter
801 422 866 454 urit
884 426 1074 466 utrumque.

104 473 267 516 quicquid
283 474 428 507 delirant
445 485 551 517 reges,
571 474 766 517 plectuntur
783 475 919 507 Achivi.

103 527 281 567 seditione,
300 527 399 568 dolis,
419 528 546 560 scelere
562 531 664 570 atque
680 528 822 561 libidine
839 534 872 561 et
890 529 939 561 ira

104 579 230 613 Iliacos
245 580 334 613 intra
350 591 464 613 muros
481 586 642 624 peccatur
657 586 691 614 et
708 586 812 614 extra.

105 643 218 666 rursus
235 633 318 676 quid
335 634 441 666 virtus
458 639 491 666 et
508 634 591 677 quid
608 634 775 677 sapientia
791 635 911 678 possit,

104 686 187 719 utile
204 687 381 729 proposuit
395 687 494 719 nobis
510 687 682 730 exemplar
701 687 838 727 Ulixen,

104 739 164 782 qui
181 739 329 772 domitor
344 739 470 772 Troiae
486 740 672 772 multorum
689 741 851 783 providus
867 741 969 773 urbes

103 797 137 825 et
154 802 265 825 mores
280 792 457 825 hominum
474 791 631 836 inspexit,
651 793 826 836 latumque
843 805 904 837 per
919 805 1055 837 aequor,

104 845 186 878 dum
203 845 279 887 sibi,
299 846 381 878 dum
397 846 497 879 sociis
514 847 661 879 reditum
676 853 784 890 parat,
805 858 926 890 aspera
942 848 1049 881 multa

104 898 254 941 pertulit,
274 899 425 932 adversis
441 910 553 932 rerum
569 899 797 933 inmersabilis
813 901 924 933 undis.

106 951 264 985 Sirenum
279 963 380 985 voces
397 956 430 985 et
447 952 568 985 Circae
584 954 708 996 pocula
723 954 814 987 nosti
832 967 840 987 z

84 1014 192 1047 ·quae
207 1004 236 1037 si
251 1016 329 1037 cum
346 1005 447 1038 sociis
463 1005 584 1038 stultus
601 1006 813 1049 cupidusque
829 1006 984 1043 bibisset,

100 1057 168 1089 sub
184 1057 322 1089 domina
337 1059 513 1091 meretrice
531 1059 646 1092 fuisset
663 1060 769 1102 turpis
786 1065 819 1092 et
835 1071 963 1099 excorS,

103 1109 242 1143 vixisset
259 1110 350 1142 canis
366 1111 561 1143 immundus
577 1111 632 1144 vel
648 1113 757 1145 amica
773 1113 846 1145 luto
863 1123 929 1145 sus.

104 1173 166 1195 nos
182 1173 340 1195 numerus
360 1173 475 1196 sumus
491 1169 525 1196 et
537 1163 649 1206 fruges
665 1175 863 1198 consumere
880 1165 962 1205 nati,

103 1216 220 1259 sponsi
239 1216 432 1258 Penelopae
448 1216 647 1256 nebulones,
667 1217 876 1260 Alcinoique

102 1269 138 1301 in
156 1273 232 1301 cute
247 1269 397 1301 curanda
413 1269 488 1311 plus
504 1280 613 1312 aequo
629 1276 768 1313 operata
786 1271 953 1310 iuventus,

103 1321 157 1354 cui
174 1321 326 1364 pulcrum
345 1322 407 1354 suit
424 1322 459 1354 in
476 1323 606 1355 medios
622 1323 770 1356 dormire
787 1324 858 1356 dics
875 1330 909 1357 et

103 1375 147 1407 ad
164 1374 342 1417 strepitum
359 1375 508 1408 citharae
524 1382 690 1409 cessatum
707 1377 829 1410 ducere
847 1388 972 1412 curam.

102 1432 139 1460 ut
157 1427 309 1471 iugulent
325 1428 500 1461 hominem
517 1434 657 1471 surgunt
674 1429 716 1462 de
733 1435 832 1463 nocte
851 1430 1000 1465 latrones
1016 1443 1024 1464 τ

102 1485 139 1513 ut
155 1485 190 1513 te
206 1481 318 1523 ipsum
334 1491 446 1514 serves
462 1492 530 1514 non
544 1483 784 1526 expergisceris
797 1485 812 1516 ?
835 1484 930 1527 atqui

101 1534 130 1567 si
146 1533 242 1566 noles
257 1544 370 1573 sanus,
391 1545 502 1567 curres
517 1535 724 1578 hydropicus
740 1548 750 1575 ;
774 1542 806 1569 et
824 1537 859 1568 ni

100 1597 221 1630 posces
235 1592 315 1619 ante
332 1587 423 1620 diem
440 1587 565 1621 librum
583 1599 659 1620 curn
677 1589 816 1629 lumine,
837 1589 863 1621 si
881 1599 951 1622 non

101 1639 257 1673 intendes
274 1640 425 1673 animum
442 1641 562 1673 studiis
579 1646 611 1674 et
628 1641 728 1674 rebus
745 1641 906 1681 honestis,

100 1692 230 1725 invidia
243 1693 298 1725 vel
314 1704 429 1726 amore
446 1693 527 1736 vigil
545 1694 758 1736 torquebere.
807 1705 887 1726 narn
904 1705 963 1727 cur

76 1770 80 1778 .
100 1755 188 1788 quae
205 1745 345 1778 laedunt
358 1746 494 1779 oculum
512 1746 650 1779 festinas
667 1747 802 1779 demere
818 1758 826 1785 ;
852 1747 964 1790 siquid

100 1803 151 1831 est
167 1799 328 1838 animum,
351 1799 465 1832 differs
482 1800 620 1832 curandi
638 1805 771 1842 tempus
789 1800 823 1832 in
835 1801 988 1833 annum?

100 1850 280 1884 dimidium
297 1852 376 1885 facti
394 1853 450 1895 qui
469 1853 581 1896 coepit
598 1852 700 1885 habet
717 1865 727 1892 ς
752 1864 870 1896 sapere
883 1853 970 1886 aude
985 1865 992 1886 :

99 1903 224 1947 incipe.
273 1904 330 1947 qui
348 1911 438 1938 recte
455 1905 590 1937 vivendi
608 1910 768 1948 prorogat
785 1906 914 1944 horam,
948 1905 950 1907 ’

100 1957 242 1991 rusticus
258 1962 430 2001 exspectat
448 1957 529 1990 dum
546 1957 672 1991 defluat
690 1958 817 1992 amnis:
843 1964 877 1991 at
894 1958 951 1991 ille

364 2020 409 2056 16

1090 144 1150 173 233

1116 278 1149 295 10

1116 810 1150 827 20

1114 1341 1148 1365 30

1109 1869 1143 1894 40
