1458 2315
117 0 198 18 ο””17

3 74 79 85 ,,

57 139 201 183 mm]
327 141 602 173 CARMINUM
624 141 770 171 LIBER
794 141 861 171 III.
1074 141 1115 179 87

210 226 313 260 quam
328 215 356 249 si
374 215 570 258 Mygdoniis
582 225 723 258 regnum
739 214 892 258 Alyattei

210 269 340 312 mmpis
355 269 561 302 continuem.
604 268 712 300 multa
727 268 921 310 petentibus

211 320 333 355 desunt
348 320 456 352 multa
472 332 480 352 z
503 320 591 352 bene
607 324 666 359 est,
689 320 740 352 cui
757 319 840 353 deus
854 319 979 353 obtulit

299 383 402 416 parca
418 372 511 416 quod
527 373 608 406 satis
624 378 674 406 est
690 383 802 405 manu.

79 595 200 630 XVII.
303 595 386 628 ELI
403 600 535 629 vetusto
551 595 677 629 nobilis
693 595 737 628 ab
755 594 925 634 Lamo,—

325 651 461 694 quando
476 656 509 684 et
524 651 652 694 priores
667 651 746 683 hinc
763 650 899 683 Lamias
915 649 1026 683 ferunt

254 702 493 736 denominatos
508 709 541 736 et
558 708 720 746 nepotum

298 766 360 798 per
374 766 540 789 memores
555 766 661 798 genus
677 765 777 787 omne
793 754 897 787 fastos

210 861 348 891 auctore
364 857 408 890 ab
424 857 484 891 illo
500 858 594 891 ducit
611 858 787 901 originem,

209 910 269 953 qui
286 911 497 944 Formiarum
513 911 650 944 moenia
664 911 788 944 dicitur

253 963 412 1007 princeps
427 969 460 996 et
476 964 650 996 innantem
667 964 819 996 Maricae

298 1015 453 1049 litoribus
469 1017 614 1049 tenuisse
632 1016 738 1049 Lirim

212 1117 281 1151 late
297 1122 460 1161 tyrannus
479 1130 606 1152 :—cras
623 1119 712 1152 soliis
728 1129 847 1152 nemus

213 1170 331 1203 multis
347 1176 380 1203 et
397 1170 474 1213 alga
489 1171 568 1203 litus
585 1171 695 1203 inutili
1079 1185 1114 1204 10

256 1222 403 1254 demissa
420 1228 601 1265 tempestas
615 1223 658 1254 ab
676 1223 767 1254 Euro

302 1279 439 1315 sternet,
452 1285 561 1318 aquae
578 1275 641 1307 nisi
659 1275 743 1307 saliit
760 1285 866 1318 augur

210 1387 340 1410 annosa
355 1377 480 1410 cornix.
530 1377 611 1409 dum
628 1377 727 1420 potis,
747 1378 878 1410 aridum

210 1439 379 1472 compone
396 1428 524 1472 lignum
540 1442 548 1462 ι
573 1440 646 1462 cras
663 1430 810 1462 Genium
826 1441 920 1464 mero

258 1481 393 1515 curabis
410 1486 442 1514 et
460 1492 563 1523 porco
579 1481 753 1514 bimenstri

298 1544 377 1567 cum
393 1533 528 1566 famulis
544 1544 685 1576 operum
702 1533 830 1567 solutis.

43 1752 49 1758 ἢ
76 1769 220 1806 XVIII.
336 1771 477 1805 AUNE
495 1771 730 1814 Nympharum
749 1771 933 1815 fugientum
949 1780 1090 1816 amator,

360 1836 418 1868 per
435 1836 527 1858 meos
545 1825 619 1857 sinis
633 1831 666 1857 et
683 1826 796 1868 aprica
813 1837 889 1860 rura

252 1876 337 1911 lenis
353 1878 489 1911 incedas
505 1878 673 1920 abeasque
691 1879 802 1921 parvis

429 1940 555 1973 aequus
571 1929 727 1970 alumnis,

20 2137 194 2315 k
