1458 2315
109 119 206 161 xm]
335 119 696 152 EPISTULARUM
717 119 862 150 LIBER
889 120 916 151 l.
1084 128 1140 158 247

110 196 196 230 vivis
211 200 244 230 et
261 196 379 236 urtica,
399 196 448 230 sic
463 196 558 230 vives
573 195 736 240 protinus,
756 200 793 228 ut
809 199 843 228 te

108 249 286 282 confestim
301 249 450 292 liquidus
464 249 617 281 fortunae
633 249 723 281 rivus
735 248 864 280 inauret
880 260 890 288 ;

109 302 164 335 vel
180 302 259 345 quia
274 307 430 334 naturam
446 307 575 334 mutare
591 301 736 345 pecunia
751 301 869 340 nescit,
1111 316 1143 332 10

109 354 164 387 vel
180 354 259 397 quia
275 359 395 386 cuncta
411 359 510 397 putas
526 365 594 386 una
609 355 732 386 virtute
748 354 891 386 minora.

109 407 271 439 miramur
285 407 313 439 si
330 408 518 440 Democriti
534 418 638 450 pecus
654 407 724 439 edit
740 407 868 449 agellos

109 460 277 502 cultaque,
294 460 375 492 dum
391 471 531 502 peregre
547 465 598 492 est
614 460 747 492 animus
763 459 834 491 sine
851 469 992 502 corpore
1008 458 1107 491 velox
1120 470 1131 499 ς

109 523 187 545 cum
204 517 240 544 tu
256 513 343 545 inter
359 513 507 545 scabiem
523 517 651 544 tantam
667 517 700 545 et
718 512 875 554 contagia
891 512 974 544 lucri

109 565 158 597 nil
174 575 315 608 parvum
331 565 443 608 sapias
459 570 492 598 et
509 565 618 597 adhuc
634 565 791 597 sublimia
803 575 897 597 cures
911 576 921 604 ;

111 628 197 660 quae
214 629 306 650 mare
322 623 540 661 compescant
553 628 683 656 causae,
704 617 785 659 quid
803 621 967 660 temperet
983 627 1120 657 annum,

111 670 229 703 stellae
242 675 362 713 sponte
378 681 437 702 sua
453 670 605 702 iussaene
622 675 784 712 vagentur
800 675 832 701 et
849 676 969 709 errent,

110 723 192 766 quid
209 727 340 766 premat
352 723 531 755 obscurum
547 722 657 760 lunae,
678 722 757 764 quid
775 721 922 764 proferat
938 723 1066 762 orbem,

111 775 192 817 quid
209 775 289 807 velit
306 779 340 807 et
355 775 461 817 possit
479 785 589 807 rerum
606 774 787 807 concordia
803 774 940 814 discors,

111 827 339 870 Empedocles
354 838 398 859 an
417 827 614 860 Stertinium
630 827 749 859 deliret
766 838 917 860 acumen.
1112 842 1146 859 20

110 891 227 912 verum
244 890 301 912 seu
317 879 419 922 piscis
435 891 493 912 seu
509 890 646 922 porrum
663 885 696 912 et
713 890 817 922 caepe
835 880 991 920 trucidas,

111 937 204 965 utere
222 932 388 975 Pompeio
407 933 577 975 Grospho,
599 937 643 972 et,
664 933 775 974 siquid
792 938 894 975 petet,
914 933 1002 965 ultro

111 985 205 1017 deser
220 997 227 1017 ε
250 985 299 1016 nil
317 985 491 1027 Grosphus
507 985 571 1017 nisi
588 996 704 1017 verum
721 985 830 1017 orabit
847 990 879 1017 et
896 996 1050 1028 aequum.

111 1037 187 1069 vilis
204 1037 388 1069 amicorum
405 1043 454 1069 est
470 1048 615 1076 annona,
636 1038 734 1069 bonis
751 1038 808 1069 ubi
825 1039 905 1080 quid
923 1039 1028 1071 deest.

93 1089 154 1122 ‘ne
171 1094 285 1122 tamen
301 1089 433 1131 ignores
449 1101 516 1132 quo
533 1091 575 1121 sit
594 1090 749 1121 Romana
766 1089 842 1122 loco
859 1101 925 1129 res,

114 1141 284 1174 Cantaber
299 1142 485 1184 Agrippae,
501 1141 621 1174 Claudi
639 1142 760 1173 virtute
778 1142 924 1174 Neronis

115 1194 298 1227 Armenius
315 1194 435 1226 cecidit
452 1205 461 1233 ;
487 1194 537 1226 ius
554 1194 799 1236 imperiumque
817 1195 1004 1227 I’hrahates

114 1246 269 1279 Caesaris
287 1246 417 1288 accepit
435 1247 577 1288 genibus
594 1247 722 1284 minor;
747 1257 847 1280 aurea
864 1247 974 1290 fruges

115 1299 234 1332 Italiae
247 1298 348 1342 pleno
363 1298 516 1331 defundit
535 1299 643 1342 Copia
659 1309 773 1331 cornu.

2 1508 17 1539 s
115 1516 220 1549 XIII.
351 1516 381 1548 T
400 1515 669 1558 proficiscentem
687 1515 786 1547 docui
805 1520 836 1547 te
854 1525 953 1557 saepe
970 1515 1105 1557 diuque,

372 1570 528 1610 Augusto
547 1568 665 1600 reddes
682 1568 813 1610 signata
831 1567 1014 1607 volumina,
1036 1567 1127 1607 Vini,

113 1622 140 1654 si
159 1622 298 1660 validus,
319 1622 345 1654 si
363 1621 469 1653 laetus
485 1620 558 1659 crit,
578 1620 605 1651 si
621 1620 767 1662 denique
785 1625 899 1662 poscet
916 1631 926 1658 ;

114 1685 156 1707 ne
172 1675 284 1707 studio
301 1674 404 1706 nostri
420 1684 538 1715 pecces
555 1672 738 1714 odiumque
755 1672 880 1703 libellis

113 1727 248 1759 sedulus
265 1727 426 1769 importes
443 1736 545 1768 opera
562 1725 759 1756 vehemente
777 1724 937 1756 minister.

113 1778 141 1811 si
159 1784 191 1812 te
208 1779 292 1812 sorte
310 1790 405 1811 meae
421 1778 533 1820 gravis
550 1783 622 1809 uret
640 1777 770 1808 sarcina
787 1776 932 1816 chartae,

112 1831 238 1864 abicito
255 1832 366 1875 potius
383 1842 484 1873 quam
501 1841 569 1872 quo
587 1828 730 1872 perferre
748 1829 870 1860 iuberis

114 1883 257 1917 clitellas
274 1883 362 1917 serus
380 1883 547 1925 impingas
566 1882 758 1923 Asinaeque
776 1887 952 1924 paternum

113 1946 302 1980 cognomen
319 1941 430 1969 vertas
446 1936 479 1968 in
498 1935 599 1968 risum
617 1940 649 1967 et
667 1933 781 1966 sabula
798 1934 868 1966 fias.

4 2158 222 2315 L
