1458 2315
128 162 193 202 m]
373 161 723 193 EPISTULARUM
743 160 890 190 LIBER
915 160 944 190 J.
1122 166 1181 194 243

133 372 239 405 VIII.
350 373 475 407 ELSO
492 374 638 416 gaudere
655 378 688 407 et
704 375 791 407 bene
808 385 878 408 rem
895 385 1012 418 gerere
1028 374 1173 409 Albino-

437 437 527 459 vano

134 478 237 511 Musa
252 484 371 521 rogata
387 479 484 519 refer,
503 479 620 512 comiti
638 480 1010 523 scribaeque‘Neronis.

134 532 162 564 si
176 538 316 575 quaeret
333 532 415 575 quid
432 543 544 575 agam,
564 533 619 565 dic
637 533 743 565 multa
760 539 793 565 et
810 533 928 576 pulcra
944 533 1133 566 minantem

133 585 246 617 vivere
263 595 326 618 nec
343 590 432 618 recte
449 596 511 618 nee
528 586 676 618 suaviter
694 598 701 618 :
725 586 816 618 haud
834 587 913 628 quia
928 586 1058 629 grando

132 638 326 670 contuderit
341 638 420 670 vitis
437 638 592 671 oleamve
609 639 831 671 momorderit
849 644 973 678 aestus,

132 701 195 723 nec
212 690 293 733 quia
309 691 504 733 longinquis
520 696 709 723 armentum
727 696 878 734 aegrotet
895 692 930 723 in
947 692 1035 734 agris
1049 703 1059 731 ;

132 743 192 775 sed
209 743 288 786 quia
304 749 419 776 mente
431 744 543 776 minus
559 743 692 776 validus
708 755 810 786 quam
827 755 968 787 corpore
985 750 1058 776 toto

131 796 181 828 nil
198 796 315 828 audire
331 796 444 836 velim,
465 796 513 828 nil
530 796 669 836 discere,
690 797 783 839 quod
800 797 889 830 levet
906 808 1044 840 aegrum
1058 810 1068 838 3

132 848 209 881 fidis
225 849 377 881 offendar
392 849 544 889 medicis,
564 850 688 882 irascar
703 851 831 890 amicis,

130 913 190 934 cur
205 913 260 935 me
273 902 405 935 funesto
422 908 605 945 properent
621 913 734 935 arcere
751 909 891 936 veterno
905 914 915 943 ;
1138 920 1170 937 10

130 966 218 998 quae
234 966 380 988 nocuere
396 966 527 998 sequar,
544 955 672 998 fugiam
686 967 772 999 quae
789 957 922 999 profore
939 957 1073 989 credam
1088 969 1099 997 ;

133 1009 265 1041 Romae
281 1008 390 1040 Tibur
406 1019 519 1040 amem
534 1013 707 1048 ventosus,
728 1009 856 1042 Tibure
875 1011 1032 1043 Romam.

105 1066 110 1071 ⁴
131 1066 208 1104 post
223 1060 319 1099 haec,
339 1065 376 1092 ut
392 1060 512 1099 valeat,
534 1071 602 1103 quo
618 1067 719 1103 pacto
736 1073 806 1094 rem
823 1067 917 1104 gerat
934 1068 967 1095 et
984 1073 1030 1103 se,

130 1119 167 1146 ut
184 1113 318 1156 placeat
334 1113 447 1145 iuveni
464 1119 662 1155 percontare
678 1119 782 1155 utque
799 1115 940 1147 cohorti.

131 1166 159 1198 si
177 1166 267 1198 dicet
288 1163 422 1204 ‘recte‚'
440 1165 587 1207 primum
603 1166 758 1207 gaudere,
780 1167 924 1199 subinde

131 1222 351 1262 praeceptum
368 1217 525 1249 auriculis
541 1217 606 1250 hoc
623 1212 786 1251 instillare
802 1224 974 1252 memento
990 1232 998 1253 z

135 1273 144 1288 ‘
158 1276 195 1304 ut
212 1276 248 1304 tu
264 1271 445 1310 fortunam,
465 1270 513 1303 sic
530 1280 592 1303 nos
610 1274 652 1311 te,
676 1271 786 1312 Celse‚
808 1271 978 1305 feremus.’

133 1496 198 1530 IX.
313 1497 562 1536 EPTIMIUS,
576 1496 710 1537 Claudi,
720 1496 878 1529 nimirum
890 1496 1054 1539 intellegit
1066 1507 1162 1536 unus,

332 1550 449 1593 quanti
470 1561 524 1582 me
549 1549 651 1582 facias
668 1562 678 1590 ;
714 1560 793 1582 nam
810 1560 887 1583 cum
905 1555 1000 1592 rogat
1017 1555 1049 1582 et
1067 1561 1166 1593 prece

408 1603 499 1645 cogit

133 1655 260 1688 scilicet
278 1661 313 1688 ut
331 1656 392 1688 tibi
410 1667 445 1688 se
463 1655 599 1687 laudare
616 1659 648 1687 et
664 1654 795 1687 tradere
812 1665 914 1686 coner

131 1708 272 1751 dignum
290 1714 403 1741 mente
419 1709 590 1750 domoque
606 1707 749 1749 legentis
764 1707 907 1739 honesta
925 1706 1081 1746 Neronis,

133 1772 272 1794 munere
288 1773 365 1794 cum
383 1761 476 1803 fungi
495 1760 662 1802 propioris
678 1764 791 1792 censet
808 1759 918 1797 amici,

132 1815 216 1857 quid
232 1815 358 1858 possim
377 1814 469 1846 videt
485 1824 524 1846 ac
543 1813 637 1845 novit
652 1823 706 1844 me
722 1812 853 1844 valdius
870 1812 954 1854 ipso.

131 1867 240 1899 multa
256 1867 395 1910 quidem
411 1867 481 1898 dixi
498 1877 556 1898 cur
572 1870 748 1898 excusatus
765 1865 913 1903 abirem3

134 1919 195 1952 sed
212 1920 310 1952 timui
328 1931 404 1952 mea
421 1930 464 1951 ne
481 1919 615 1951 finxisse
633 1918 765 1950 minora
781 1922 927 1959 putarer,

132 1971 363 2005 dissimulator
378 1972 451 2015 opis
469 1972 635 2015 propriae,
658 1970 739 2002 mihi
757 1969 955 2003 commodus
972 1968 1041 2001 uni.
