1410 2283
275 171 334 201 230
557 163 592 200 Q.
625 163 815 193 HORATI
838 163 1009 195 FLACCI

275 240 308 268 et
324 235 406 267 mihi
423 246 484 274 res,
505 246 571 267 non
588 247 642 268 me
658 237 755 269 rebus
771 237 970 279 subiungere
987 248 1100 271 conor.

273 292 309 319 ut
325 298 391 319 nox
407 288 506 329 longa
522 288 642 330 quibus
658 289 814 320 mentitur
830 290 946 328 amica,
967 289 1104 332 diesque

273 339 374 380 longa
390 339 518 371 videtur
534 351 618 381 opus
633 340 842 380 debentibus,
862 346 898 373 ut
914 341 1009 383 piger
1023 352 1130 373 annus

273 391 410 432 pupillis
426 401 509 432 quos
525 391 606 422 dura
622 392 743 433 premit
760 388 911 424 custodia'
928 397 1081 432 matrum,

274 443 320 473 sic
337 442 418 473 mihi
436 443 529 474 tarda
547 442 652 475 fluunt
670 443 866 486 ingrataque
883 448 1045 487 tempora,
1065 455 1150 488 quae
1166 455 1259 488 spem

271 494 511 536 consiliumque
528 500 697 526 morantur
712 496 833 537 agendi
850 496 976 528 naviter
992 497 1026 528 id
1042 497 1134 539 quod

272 557 377 588 aeque
393 546 593 588 pauperibus
611 547 756 588 prodest,
776 547 996 590 locupletibus
1012 558 1128 591 aeque,

272 608 377 639 aeque
393 598 581 639 neglectum
599 598 710 640 pueris
726 599 925 641 senibusque
938 600 1081 632 nocebit.

272 653 372 680 restat
389 654 424 681 ut
441 650 492 681 his
509 660 571 691 ego
588 660 641 681 me
657 650 728 692 ipse
745 661 857 692 regam
874 651 1026 693 solerque
1039 651 1221 684 elementis.

271 711 338 732 non
355 701 461 742 possis
477 701 573 732 oculo
589 707 750 743 quantum
766 703 967 735 contendere
984 703 1146 744 Lynceus,

272 763 339 784 non
357 759 469 784 tamen
486 753 609 784 idcirco
624 758 818 785 contemnas
835 753 943 795 lippus
959 754 1096 796 inungui
1110 767 1120 795 3

272 815 344 842 nec,
360 805 437 846 quia
453 804 608 846 desperes
625 804 739 836 invicti
757 805 906 836 membra
923 805 1093 847 Glyconis,

272 856 400 887 nodosa
413 866 532 898 corpus
549 855 634 887 nolis
651 855 828 897 prohibere
843 856 1011 898 cheragra.

272 913 321 939 est
337 908 480 950 quadam
498 908 634 949 prodire
652 912 758 946 tenus,
779 908 806 939 si
822 918 890 939 non
905 908 1002 940 datur
1018 909 1114 942 ultra.

271 959 374 991 fervet
391 960 529 991 avaritia
545 960 732 1001 miseroque
749 960 904 1001 cupidine
921 965 1036 1002 pectus
1051 973 1058 992 :

269 1016 345 1043 sunt
362 1011 462 1043 verba
481 1017 513 1043 et
532 1022 629 1043 voces
646 1011 766 1052 quibus
782 1012 870 1043 hune
886 1011 989 1044 lenire
1006 1012 1158 1044 dolorem

271 1063 378 1105 possis
395 1068 426 1095 et
443 1073 598 1104 magnam
618 1063 725 1094 morbi
742 1063 910 1104 deponere
925 1068 1064 1105 partem.

270 1115 378 1146 laudis
391 1125 504 1146 amore
520 1120 627 1146 tumes
645 1126 652 1146 :
676 1119 751 1146 sunt
769 1119 859 1146 certa
874 1115 1007 1156 piacula
1023 1126 1107 1158 quae
1124 1119 1158 1147 te

270 1171 320 1198 ter
335 1177 416 1208 pure
432 1167 520 1198 lecto
533 1171 689 1208 poterunt
706 1176 852 1198 recreare
868 1166 995 1199 libello.

270 1218 412 1257 inwidus,
429 1219 614 1256 iracundus,
636 1218 732 1256 iners,
750 1218 894 1257 vinosus,
915 1223 1054 1258 amator,

269 1280 369 1302 nemo
386 1271 470 1302 adeo
486 1270 572 1302 ferus
589 1274 637 1302 est
654 1275 689 1301 ut
705 1280 773 1301 non
789 1270 961 1302 mitescere
977 1271 1094 1312 possit,

270 1321 297 1353 si
313 1323 415 1354 modo
432 1322 579 1354 culturae
594 1322 779 1363 patientem
796 1322 985 1354 commodet
1002 1333 1126 1356 aurem.

269 1373 372 1405 virtus
388 1378 436 1405 est
453 1374 570 1405 vitium
586 1373 708 1414 sugere,
728 1379 761 1405 et
778 1373 941 1415 sapientia
956 1374 1065 1416 prima

268 1425 408 1457 stultitia
424 1425 575 1458 caruisse.
625 1425 728 1463 vides,
750 1435 834 1468 quae
850 1425 996 1457 maxima
1012 1426 1119 1458 credis

269 1487 340 1508 esse
354 1477 452 1515 mala,
473 1478 627 1518 exiguum
645 1487 780 1509 censum
797 1481 994 1519 turpemque
1011 1477 1189 1520 repulsam,

269 1533 394 1570 quanto
411 1529 538 1561 devites
554 1529 657 1560 animi
674 1528 859 1570 capitisque
876 1528 990 1561 labore
1005 1540 1016 1568 ;

269 1580 411 1622 impiger
426 1585 590 1612 extremos
607 1581 709 1612 curris
727 1585 891 1612 mercator
909 1580 952 1612 ad
969 1581 1084 1621 Indos,

268 1642 328 1673 per
343 1642 434 1663 mare
449 1632 641 1674 pauperiem
658 1631 795 1673 fugiens,
818 1642 878 1674 per
894 1642 982 1672 saxa,
1003 1644 1062 1675 per
1077 1632 1163 1676 ignis
1177 1644 1187 1665 :

268 1693 309 1714 ne
327 1694 418 1715 cures
435 1694 483 1722 ea,
505 1694 590 1725 quae
608 1683 707 1715 stulte
726 1684 856 1716 miraris
872 1689 905 1717 et
920 1690 1027 1727 optas,

267 1735 392 1767 discere
409 1740 441 1767 et
457 1735 570 1766 audire
589 1739 620 1766 et
638 1735 768 1767 meliori
786 1736 918 1768 credere
933 1747 1002 1768 non
1017 1736 1066 1768 vis
1077 1737 1093 1768 ?

265 1786 338 1827 quis
355 1786 476 1818 circum
493 1797 596 1828 pagos
616 1792 648 1819 et
666 1788 789 1820 circum
806 1788 954 1829 compita
969 1798 1104 1830 pugnax

265 1848 386 1879 magna
403 1838 552 1869 coronari
574 1843 764 1871 contemnat
783 1839 953 1881 Olympia,
974 1839 1028 1871 cui
1044 1849 1129 1881 speS,

266 1889 317 1920 cui
335 1889 376 1920 sit
393 1890 544 1921 condicio
566 1890 673 1922 dulcis
689 1891 760 1923 sine
777 1890 913 1932 pulvere
929 1891 1087 1933 palmae?

266 1939 363 1972 vilius
379 1945 552 1982 argentum
569 1946 616 1973 est
631 1952 722 1981 auro,
741 1942 917 1974 virtutibus
930 1953 1057 1974 aurum.

1260 305 1294 322 20

1261 821 1295 845 30

1260 1338 1296 1362 40

1262 1848 1297 1874 5ο

1388 1499 1410 1626 ‘²⁹²5'st
1392 1302 1410 1489 ffl..2.„„

1388 1647 1399 1731 ..-υ
