1458 2315
96 145 176 187 xx]
312 144 676 176 EPISTULARUM
698 145 843 175 LIBER
870 146 898 175 I.
1082 147 1140 176 261

98 224 326 254 contrectatus
342 221 401 253 ubi
417 220 575 253 manibus
592 220 786 253 sordescere
801 220 895 264 volgi

101 274 264 317 coeperis,
284 279 343 307 aut
361 274 468 307 tineas
485 284 604 317 pasces
621 274 807 306 taciturnus
823 274 940 306 inertis

101 333 159 360 aut
175 327 283 370 fugies
301 327 441 360 Uticam
457 333 515 359 aut
531 327 663 360 vinctus
680 327 823 360 mitteris
842 327 1001 360 Ilerdam.

101 380 226 412 ridebit
243 380 391 412 monitor
408 391 477 412 non
494 380 681 419 exauditus,
702 385 738 412 ut
756 380 813 413 ille

99 433 158 476 qui
175 433 263 466 male
280 438 456 476 parentem
474 433 509 464 in
526 433 619 476 rupis
637 433 800 476 protrusit
818 432 963 465 asellum

99 486 205 518 iratus
222 498 230 518 τ
254 486 330 528 quis
346 486 438 518 enim
454 486 601 518 invitum
618 497 750 518 servare
768 484 899 519 laboret
911 488 926 519 ?

101 539 167 571 hoc
184 549 319 581 quoque
335 543 368 571 te
386 543 509 577 manet,
530 543 567 571 ut
584 550 707 581 pueros
724 539 892 571 elementa
910 538 1089 572 docentem

101 596 244 634 occupet
260 591 417 624 extremis
434 591 469 623 in
485 591 568 624 vicis
585 592 687 623 balba
704 597 869 624 senectus.

102 655 180 676 eum
197 644 259 676 tibi
276 644 327 676 sol
344 644 479 687 tepidus
496 644 601 687 pluris
618 644 808 676 admoverit
825 644 924 684 auris,

102 708 159 729 me
175 697 336 729 libertino
352 702 470 728 natum
487 702 583 739 patre
600 702 633 729 et
650 697 685 728 in
702 697 794 729 tenui
811 708 847 729 re
1113 712 1147 729 20

101 750 247 782 maiores
263 759 393 792 pennas
407 749 488 780 nido
505 749 694 781 extendisse
712 749 869 791 loqueris,

101 808 138 836 ut
154 807 318 845 quantum
335 802 450 844 generi
467 802 596 841 demas,
618 802 799 834 virtutibus
817 802 923 835 addas
942 813 952 842 3

102 866 158 888 me
174 855 292 898 primis
310 854 416 887 Urbis
428 854 510 887 belli
526 854 693 897 placuisse
710 854 872 898 domique
885 866 896 895 ;

102 908 255 952 corporis
271 907 394 951 exigui,
414 918 632 951 praecanum,
654 907 781 940 solibus
798 914 926 951 aptum,

101 961 201 993 irasci
216 960 372 1001 celerem,
392 965 508 993 tamen
524 965 561 993 ut
577 960 757 1003 placabilis
773 971 892 994 essem.

101 1013 188 1046 forte
204 1023 318 1046 meum
334 1013 440 1056 siquis
455 1017 488 1046 te
505 1012 758 1056 percontabitur
774 1024 906 1052 aevum,

102 1062 158 1099 ¹me
174 1070 294 1109 quater
309 1066 464 1099 undenos
481 1066 565 1099 sciat
581 1065 776 1108 implevisse
793 1067 1004 1107 Decembris,

103 1119 273 1163 collegam
289 1119 458 1163 Lepidum
475 1129 544 1162 quo
561 1119 655 1152 duxit
672 1119 804 1152 Lollius
820 1130 922 1154 anno.
