1458 2315
95 133 165 175 nn]
323 136 685 167 EPISTULARUM
707 137 852 167 LIBER
879 137 907 167 l.
1077 145 1136 177 235

98 372 167 406 111.
240 373 326 406 ULI
345 373 456 413 Flore,
478 373 600 416 quibus
617 378 779 406 terramm
797 374 919 407 militet
936 374 1002 407 oris

263 426 428 459 Claudius
445 427 591 469 Augusti
608 428 792 469 privignus,
814 427 896 459 scire
913 427 1041 460 laboro.

98 477 278 511 Thracane
293 489 354 511 vos
373 479 580 521 Hebrusque
596 479 700 511 nivali
719 480 884 522 compede
902 479 1043 520 vinctus,

93 541 139 563 an
155 530 240 563 freta
254 531 383 564 vicinas
400 531 487 564 inter
502 533 670 564 currentia
686 532 795 572 turris,

94 593 139 615 an
155 583 298 626 pingues
315 584 420 617 Asiae
437 584 546 627 campi
564 584 735 627 collesque
753 586 951 617 morantur?

94 636 177 678 quid
195 636 347 669 studiosa
363 637 484 669 cohors
501 647 642 679 operum
659 637 784 669 struit?
806 637 870 669 hoc
887 648 1020 680 quoque
1037 647 1128 670 curO.

94 688 170 731 quis
186 688 251 721 sibi
268 700 320 722 res
335 694 447 732 gestas
465 689 610 732 Augusti
627 690 771 721 scribere
788 690 914 721 sumit?

94 741 186 774 bella
201 741 277 785 quis
293 746 326 774 et
343 752 444 785 paces
460 742 599 785 longum
617 742 774 774 diffundit
791 742 825 773 in
843 753 961 774 aevum
975 743 990 774 Ρ

95 794 178 837 quid
195 794 318 834 Titius,
337 795 494 826 Romana
511 794 605 827 brevi
622 799 781 827 venturus
798 795 831 826 in
849 805 908 826 ora
919 795 934 826 ?

98 847 269 880 Pindarici
287 847 390 880 fontis
407 848 464 890 qui
481 858 550 880 non
567 847 730 890 expalluit
747 847 895 887 haustus,
1104 864 1135 880 10

96 899 249 933 fastidire
266 900 358 933 lacus
375 905 408 932 et
424 901 514 933 rivos
531 911 630 933 ausus
646 905 790 943 apertos.

98 956 135 984 ut
154 952 272 985 valet?
294 957 331 985 ut
347 953 502 985 meminit
520 954 652 985 nostri?
677 953 843 986 fidibusne
862 954 992 986 Latinis

97 1005 284 1038 Thebanos
301 1010 418 1048 aptare
431 1006 552 1038 modos
569 1006 681 1038 studet
698 1007 834 1048 auspice
850 1007 960 1046 Musa,

87 1068 143 1090 ‘an
161 1059 291 1100 tragica
307 1058 457 1090 desaevit
475 1063 506 1090 et
524 1059 730 1101 ampullatur
745 1059 779 1090 in
796 1064 865 1091 arte
876 1061 891 1092 Ρ

98 1110 179 1153 quid
197 1111 281 1142 mihi
299 1110 419 1143 Celsus
432 1110 527 1153 agit?
550 1111 698 1143 monitus
709 1111 920 1153 multumque
931 1112 1130 1152 monendus,

96 1163 247 1205 privatas
263 1168 299 1195 ut
316 1168 454 1205 quaerat
470 1173 553 1205 opes
570 1168 602 1195 et
620 1168 756 1205 tangere
775 1163 856 1195 vitet

97 1215 223 1258 scripta
241 1215 414 1247 Palatinus
432 1226 663 1257 quaecumque
681 1216 805 1258 recepit
824 1215 952 1258 Apollo
968 1227 978 1256 ;

98 1278 151 1307 ne,
173 1268 199 1300 si
219 1268 302 1300 sorte
320 1279 396 1300 suas
413 1268 593 1310 repetitum
610 1268 736 1300 venerit
753 1269 834 1300 olim

97 1331 178 1363 grex
195 1321 308 1353 avium
325 1320 467 1363 plumas,
488 1326 621 1353 moveat
639 1321 808 1353 cornicula
823 1321 925 1354 risum

98 1372 231 1405 furtivis
247 1373 375 1405 nudata
391 1373 571 1406 coloribus.
619 1374 691 1416 ipse
707 1374 788 1416 quid
805 1376 908 1407 audes
921 1376 936 1406 ?
1101 1392 1135 1410 20

96 1436 183 1468 quae
200 1426 448 1459 circumvolitas
465 1426 562 1468 agilis
579 1427 718 1468 thyma?
742 1438 808 1458 non
826 1427 886 1458 tibi
904 1439 1043 1470 parvum

98 1478 283 1521 ingenium,
305 1489 373 1511 non
393 1479 556 1510 incultum
573 1484 622 1511 est
641 1484 672 1511 et
690 1479 830 1521 turpiter
847 1479 972 1512 hirtum
991 1493 999 1512 ι

97 1541 153 1563 seu
171 1531 321 1573 linguam
339 1531 447 1563 causis
465 1531 567 1570 acuis,
589 1542 646 1563 seu
663 1531 768 1563 civica
787 1531 857 1563 iura

97 1584 301 1626 respondere
318 1594 416 1626 paras
433 1595 442 1622 ;
467 1594 524 1615 seu
541 1584 660 1615 condis
677 1583 822 1615 amabile
839 1594 985 1623 carmen,

96 1635 207 1677 prima
223 1635 307 1667 seres
324 1635 469 1667 hederae
487 1635 632 1667 victricis
650 1636 810 1678 praemia.
857 1637 977 1678 quodsi

96 1686 218 1729 frigida
230 1698 385 1720 curarum
403 1687 552 1720 fomenta
569 1688 756 1730 relinquere
774 1698 898 1730 posses,

96 1749 164 1782 quo
179 1743 211 1772 te
225 1739 377 1772 caelestis
393 1740 560 1782 sapientia
577 1741 722 1778 (luceret,
745 1741 819 1773 ires.

95 1790 162 1824 hoc
175 1802 271 1834 opus,
288 1792 353 1824 hoe
370 1792 518 1824 studium
537 1793 630 1835 parvi
648 1804 865 1835 properemus
879 1798 910 1826 et
924 1794 1038 1837 ampli,

93 1843 126 1886 §i
140 1845 268 1886 patriae
283 1845 450 1884 volumus,
471 1845 497 1876 si
516 1845 614 1877 nobis
632 1846 742 1878 vivere
761 1846 839 1879 cari.

98 1894 203 1928 debes
217 1896 283 1930 hoc
300 1897 400 1930 etiam
420 1898 610 1937 rescribere,
632 1899 671 1930 sit
692 1899 751 1930 tibi
769 1910 867 1931 curae
1101 1916 1134 1939 30

98 1953 244 1991 quantae
260 1949 440 1982 conveniat
458 1950 643 1984 Munatius,
693 1962 735 1983 an
752 1951 839 1984 male
856 1957 945 1984 sarta
