1410 2283
284 125 322 153 28
573 122 608 160 Q.
641 121 771 152 Hom
782 121 830 151 T!
856 119 1028 152 naec!
1188 117 1302 160 [xxvr.

285 329 419 364 XXVI.
584 328 692 362 USIS
710 328 836 361 amicus
853 327 1021 361 tristitiam
1038 332 1071 362 et
1087 331 1197 362 metus

603 381 732 413 tradam
750 380 913 424 protervis
930 381 963 412 in
979 391 1071 413 mare
1088 380 1261 414 Creticum

503 438 637 475 portare
653 433 774 472 ventis,
793 433 869 475 quis
881 433 943 465 sub
960 432 1066 465 Arcto

549 496 603 517 rex
620 485 752 527 gelidae
768 490 934 518 metuatur
949 495 1038 524 orae,

459 586 540 629 quid
558 587 732 620 Tiridaten
750 590 880 625 terreat,
901 586 1000 620 unice

459 649 602 672 SecuruS.
649 650 670 671 o
686 650 771 682 quae
788 639 937 671 sontibus
953 638 1093 682 integris

505 691 642 733 gaudes,
662 691 794 733 apricos
811 696 906 724 necte
924 691 1034 731 flores,

547 749 644 776 necte
660 754 736 775 rneo
755 743 892 776 Lamiae
909 753 1080 783 coronam,

461 844 616 887 Pimpiea
632 844 738 877 dulcis
755 857 762 877 :
786 844 832 876 nil
851 845 922 878 sine
939 849 972 878 te
988 845 1054 878 mci

459 902 597 940 prosunt
613 897 756 930 honores
773 909 781 929 ε
805 897 893 930 hunc
911 897 1034 930 fidibus
1050 897 1156 938 novis,
1277 913 1311 931 xo

502 949 591 982 hunc
609 950 732 981 Lesbio
749 960 878 982 sacrare
895 950 1024 992 plectro

546 1006 644 1044 teque
662 1006 802 1044 tuasque
818 1001 914 1035 decet
931 1012 1072 1036 sorores.

282 1247 436 1282 XXVII.
561 1247 672 1281 ATIS
691 1247 724 1280 in
741 1258 837 1280 usum
853 1247 1002 1282 laetitiae
1017 1247 1151 1292 scyphis

575 1311 724 1343 pugnare
732 1300 903 1334 Thracum
916 1305 979 1334 est.
1005 1301 1116 1334 tollite
1125 1300 1306 1335 barbarum

501 1363 640 1392 morem,
660 1353 953 1396 verecundumque
970 1353 1141 1387 Bacchum

546 1404 737 1447 sanguineis
752 1404 921 1447 prohibite
938 1404 1028 1438 rixis.

459 1498 539 1531 vino
555 1502 588 1530 et
604 1497 748 1531 lucernis
764 1497 887 1530 Medus
902 1498 1055 1531 acinaces

459 1550 606 1583 immane
622 1556 784 1593 quantum
799 1550 978 1593 discrepat.
1023 1550 1166 1595 impium

502 1602 604 1635 lenite
621 1603 813 1642 clamorem,
833 1602 976 1642 sodales,

544 1659 577 1687 et
593 1655 708 1687 cubito
725 1659 894 1687 remanete
909 1664 1035 1697 presso.

458 1748 557 1781 voltis
573 1749 678 1782 severi
694 1759 749 1782 me
764 1759 899 1792 quoque
915 1759 1047 1782 sumere

457 1806 587 1842 partem
605 1801 766 1834 Falerni?
788 1801 877 1834 dicat
895 1801 1066 1844 Opuntiae
1271 1816 1307 1835 xo

502 1852 603 1884 frater
618 1853 779 1895 Megillae
794 1863 863 1896 quo
877 1853 996 1886 beatus

544 1903 690 1944 volnere,
710 1915 777 1947 qua
792 1910 906 1947 pereat
917 1904 1049 1948 sagitta.

1403 1621 1410 1728 .——-r
1406 1580 1410 1603 r-
