1458 2315
90 122 160 164 111.]

94 937 165 971 111.

347 122 626 154 CARMJNUM
648 121 794 151 LIBER
821 121 882 152 IV.

269 203 303 231 te
320 198 439 232 decem
455 199 542 232 tauri
559 198 770 241 totidemque
786 207 921 237 vaccae,

268 262 325 285 me
341 257 436 285 tener
452 252 561 285 solvet
578 251 714 290 vitulus,
735 251 853 283 relicta

268 309 376 338 matre
393 306 451 348 qui
468 305 569 348 largis
587 305 771 337 iuvenescit
787 304 903 337 herbis

449 358 485 390 in
501 369 577 390 mea
594 363 684 397 vota,

272 478 384 511 fronte
399 481 556 511 curvatos
573 478 725 510 imitatus
742 478 829 521 ignis

269 532 408 565 tertium
424 532 525 565 lunae
541 531 715 564 referentis
732 537 856 572 ortum,

271 596 340 629 qua
355 591 473 618 notam
490 585 585 617 duxit
602 585 720 618 niveus
736 586 854 626 videri,

453 643 565 671 cetera
582 638 703 671 fulvus.

233 935 437 1040 QUEM
455 940 502 976 tu,
524 935 759 980 Melpomene,
780 935 885 969 semel

349 994 547 1023 nascentem
562 989 700 1033 placido
717 990 846 1022 lumine
864 988 999 1030 videris,

272 1043 371 1075 illum
386 1054 457 1076 non
473 1042 571 1076 labor
589 1043 753 1075 Isthmius

227 1095 371 1130 clarabit
387 1096 548 1139 pugilem,
569 1107 640 1128 non
656 1107 762 1139 equus
780 1095 926 1139 impiger

273 1228 372 1250 curru
387 1217 488 1249 ducet
505 1216 658 1249 Achaico

231 1270 405 1309 victorem,
427 1280 537 1312 neque
554 1280 607 1302 res
623 1269 747 1302 bellica
763 1269 874 1302 Deliis

276 1327 434 1356 ornatum
452 1323 542 1355 soliis
559 1323 691 1362 ducem,

230 1377 323 1419 quod
340 1386 458 1419 regum
474 1376 622 1408 tumidas
639 1375 829 1408 contuderit
846 1375 967 1417 minas,

277 1498 433 1531 ostendet
451 1497 625 1540 Capitolio
642 1509 650 1530 :

230 1552 290 1584 sed
307 1562 394 1594 quae
411 1551 519 1583 Tibur
535 1562 642 1594 aquae
659 1550 766 1584 fertile
785 1550 976 1594 praefluunt

277 1609 310 1637 et
328 1605 454 1647 spissae
471 1615 649 1636 nemorum
665 1615 783 1637 comae

232 1658 361 1700 fingent
379 1657 504 1690 Aeolio
521 1658 670 1690 carmine
687 1657 850 1690 nobilem.

277 1780 410 1812 Romae
427 1779 589 1822 principis
605 1780 741 1812 urbium

229 1832 389 1875 dignatur
405 1832 540 1865 suboles
558 1833 644 1864 inter
660 1832 817 1866 amabilis

277 1890 394 1918 vatum
412 1896 539 1928 ponere
556 1895 612 1918 me
627 1886 760 1926 choros,

231 1942 267 1971 et
281 1937 351 1971 iam
367 1938 468 1972 dente
486 1938 597 1971 minus
615 1939 772 1972 mordeor
789 1938 914 1972 invido.

1080 130 1138 158 107

1108 647 1142 671 60

1113 1568 1146 1585 10
