1458 2315
440 162 644 193 EPODON
667 162 820 194 LIBER.
1098 172 1154 202 141

204 237 425 271 exhauriebat
442 237 619 281 ingemens
635 238 821 280 laboribus,

252 302 321 334 quo
337 296 453 334 posset
468 291 614 325 infossus
630 303 716 335 puer

207 344 312 387 longo
326 345 381 377 die
399 344 451 377 bis
468 350 588 387 terque
605 350 756 378 mutatae
773 345 871 389 dapis

250 398 395 430 inemori
411 398 616 440 spectaculo,

208 461 286 483 cum
302 451 511 494 promineret
528 462 585 484 ore
603 456 768 494 quantum
785 456 917 485 exstant
934 463 1023 496 aqua

252 515 416 547 suspensa
432 510 548 537 mento
565 515 707 548 corpora
721 516 731 544 ;
841 542 844 544 ,

204 563 342 590 exsucta
357 557 407 589 uti
422 557 574 590 medulla
590 563 622 590 et
639 559 774 590 aridum
791 558 882 591 iecur

252 610 377 643 amoris
394 615 481 644 esset
497 611 670 653 poculum,

207 663 427 696 interminato
443 674 521 697 curn
537 664 643 697 semel
660 664 747 697 fixae
765 664 842 697 cibo

251 716 476 749 intabuissent
493 717 655 760 pupulae.
1120 727 1155 754 40

206 780 276 801 non
293 769 440 802 defuisse
456 770 627 803 masculae
643 769 796 802 libidinis

252 822 505 855 Ariminensem
524 823 659 855 Foliam

204 879 237 908 et
255 876 364 908 otiosa
379 876 522 909 credidit
540 876 706 919 Neapolis

251 933 285 961 et
301 939 403 961 omne
418 929 567 962 vicinum
584 930 761 972 oppidum,

205 992 292 1025 quae
308 982 419 1015 sidera
435 987 614 1015 excantata
630 994 713 1015 voce
731 981 897 1015 Thessala

250 1034 434 1078 lunamque
450 1035 545 1068 caelo
562 1036 696 1078 deripit.

207 1086 264 1119 hic
281 1087 482 1120 inresectum
499 1099 600 1120 saeva
616 1089 718 1121 dente
735 1088 842 1120 livido

254 1140 400 1173 Canidia
416 1141 539 1173 rodens
555 1141 717 1184 pollicem

207 1192 291 1236 quid
306 1192 391 1225 dixit
408 1198 464 1225 aut
482 1194 563 1236 quid
580 1194 710 1226 tacuit?
738 1194 747 1210 ‘
757 1204 778 1226 o
795 1193 895 1225 rebus
911 1192 995 1225 meis

252 1256 321 1277 non
337 1245 491 1278 infideles
508 1246 662 1285 arbitrae,
1125 1259 1158 1284 50

210 1298 290 1330 Nox
307 1303 340 1330 et
358 1298 472 1330 Diana
489 1309 576 1341 quae
594 1298 767 1331 silentium
784 1298 872 1340 regis

253 1361 378 1383 arcana
393 1362 471 1383 cum
488 1351 572 1383 fiunt
589 1362 694 1390 sacra,

209 1413 299 1435 nunc
314 1414 405 1435 nunc
421 1404 547 1444 adeste,
568 1414 658 1436 nunc
678 1404 712 1436 in
729 1403 862 1436 hostilis
878 1403 999 1436 domos

253 1456 338 1488 iram
356 1461 457 1499 atque
474 1467 599 1489 numen
617 1457 746 1489 vertite.

208 1508 437 1542 formidolosis
454 1510 535 1542 dum
552 1510 659 1542 latent
676 1510 769 1543 silvis
786 1509 875 1543 ferae

253 1562 345 1594 dulci
361 1573 482 1605 sopore
499 1563 692 1605 languidae,

207 1625 334 1654 senem,
355 1616 447 1658 quod
464 1627 582 1648 omnes
598 1616 739 1656 rideant,
762 1616 953 1649 adulterum

252 1667 375 1700 latrent
395 1668 592 1701 Suburanae
609 1680 710 1701 canes

206 1721 314 1753 nardo
330 1726 542 1764 perunctum,
564 1722 663 1764 quale
680 1732 748 1754 non
766 1721 945 1765 perfectius

253 1784 349 1806 meae
366 1774 551 1806 laborarint
570 1785 700 1807 manus.
1122 1779 1160 1806 60

207 1826 290 1869 quid
305 1826 455 1860 accidit?
477 1838 536 1859 cur
551 1827 625 1859 dira
640 1827 804 1860 barbarae
821 1827 933 1860 minus

252 1890 383 1912 venena
401 1879 546 1912 Medeae
563 1880 702 1912 valent?

208 1931 331 1974 quibus
347 1933 528 1975 superbam
547 1933 631 1975 sugit
648 1933 720 1966 ulta
738 1933 914 1977 paelicem,

252 1985 366 2027 magni
385 1986 541 2018 Creontis
560 1986 676 2025 filiam,
