1458 2315
111 147 218 189 xxx]
381 146 660 178 CARMINUM
686 146 834 176 LIBER
862 147 890 177 I.
1061 153 1067 160 ·
1122 160 1161 191 31

115 363 254 397 XXIX.
354 361 446 401 CCI,
467 361 576 394 beatis
592 371 682 393 nunc
699 359 852 393 Arabum
872 360 1004 395 invides

375 415 477 459 gazis,
497 419 531 448 et
548 425 662 447 acrem
678 413 838 446 militiam
856 425 957 458 paras

340 480 411 501 non
427 473 506 501 ante
523 467 665 500 devictis
684 466 838 500 Sabaeae
876 502 880 505 μ

387 522 534 565 regibus,
554 520 780 563 horribilique
797 520 904 553 Medo

299 626 406 659 nectis
423 630 570 659 catenas.
619 636 706 668 quae
724 625 786 658 tibi
803 625 973 668 virginum

299 690 425 724 sponso
442 683 563 711 necato
579 678 727 710 barbara
743 678 865 711 serviet
879 679 894 711 ?

343 743 427 777 puer
443 732 517 775 quis
534 742 575 763 ex
592 731 670 763 aula
686 730 821 774 capillis

388 786 431 818 ad
449 784 608 828 cyathum
626 789 791 817 statuetur
808 785 927 824 unctis,

302 891 422 924 doctus
439 890 580 933 sagittas
597 889 736 922 tendere
755 889 889 923 Sericas

302 955 381 978 arcu
397 944 567 988 paterno?
613 943 689 985 quis
706 948 808 986 neget
825 943 940 976 arduis
1138 959 1171 977 10

346 1007 474 1041 pronos
490 995 597 1029 relabi
614 1006 716 1039 posse
733 996 823 1029 rivos

392 1050 566 1083 montibus
584 1055 617 1082 et
633 1049 788 1082 Tiberim
806 1049 939 1089 reverti,

305 1167 383 1190 cum
399 1160 435 1188 tu
452 1159 627 1198 coemptos
643 1154 793 1198 undique
809 1155 935 1188 nobilis

308 1210 412 1242 libros
430 1209 571 1241 Panaeti
589 1208 798 1241 Socraticam
816 1214 849 1241 et
862 1209 1002 1241 domum

352 1266 483 1295 mutare
501 1261 614 1293 loricis
633 1261 775 1293 Hiberis

398 1313 569 1358 pollicitus
586 1313 727 1346 meliora
744 1313 854 1347 tendis
868 1314 883 1347 ?

130 1549 252 1584 XXX.
426 1548 596 1582 VENUS
615 1547 732 1591 regina
750 1547 852 1581 Cnidi
870 1547 1057 1593 Paphique‚

409 1600 411 1602 ’
433 1612 555 1646 sperne
571 1601 731 1634 dilectam
749 1601 898 1644 Cypron,
920 1606 953 1635 et
969 1602 1121 1636 vocantis

313 1661 386 1689 ture
403 1659 436 1689 te
453 1655 563 1688 multo
581 1653 746 1697 Glycerae
763 1654 921 1687 decoram

493 1708 637 1741 transfer
653 1708 688 1740 in
704 1707 835 1740 aedem.

312 1813 461 1847 fervidus
478 1817 590 1846 tecum
607 1822 691 1855 puer
707 1815 740 1844 et
759 1810 877 1844 solutis

316 1866 456 1900 Gratiae
473 1865 567 1898 zonis
583 1868 835 1908 properentque
852 1863 1036 1908 Nymphae

314 1924 349 1954 et
365 1930 485 1964 parurn
501 1919 609 1952 comis
625 1918 697 1950 sine
714 1921 747 1950 te
764 1918 924 1951 Iuventas

493 1971 762 2014 Mercuriusque.
