1410 2283
240 130 278 158 44
528 120 562 158 Q.
594 119 723 150 ΗΘΚΛ
734 119 784 150 Ts
806 120 894 150 ΜΛ
901 121 976 152 σε]

414 194 568 226 bracchia
584 198 615 226 et
633 194 758 226 voltum
774 198 959 238 teretesque
973 205 1066 228 suras

415 246 542 288 integer
559 246 678 278 laudo:
706 246 780 288 suge
797 247 956 289 suspicari

413 298 506 330 cuius
522 303 676 330 octavum
693 298 871 340 trepidavit
887 304 978 331 aetas

589 350 742 383 claudere
759 350 907 400 lustrum.

240 647 281 678 V.
473 646 541 680 ΟΝ
546 646 657 678 DUM
673 646 809 679 subacta
825 646 908 680 serre
925 647 1037 690 iugum
1052 647 1141 680 valet

493 698 631 737 cervice,
651 699 799 730 nondum
816 699 929 731 munia
945 700 1113 742 comparis

414 761 556 791 aequare
572 760 633 782 nec
650 750 734 781 tauri
752 750 875 782 ruentis

459 803 492 833 in
509 813 662 834 venerem
681 801 820 834 tolerare
838 802 979 844 pondus.

372 921 458 953 circa
474 920 609 952 virentis
626 924 674 952 est
691 920 820 952 animus
837 925 914 953 tuae

369 983 506 1014 campos
522 972 690 1011 iuvencae,
710 982 798 1004 nunc
812 972 920 1004 fluviis
935 982 1072 1015 gravem

414 1026 553 1058 solantis
570 1030 708 1063 aestum,
728 1035 816 1057 nunc
833 1025 866 1056 in
883 1025 952 1058 udo

459 1077 573 1109 ludere
589 1087 664 1109 cum
681 1077 791 1109 vitulis
808 1077 925 1110 salicto

371 1195 633 1238 praegestientis.
682 1195 762 1227 tolle
779 1195 972 1238 cupidinem

370 1248 507 1280 immitis
523 1258 607 1280 uvae
627 1259 634 1279 ε
659 1247 725 1279 iam
741 1247 803 1279 tibi
819 1247 941 1280 lividos
956 1283 960 1287 Δ

414 1300 594 1342 distinguet
611 1305 793 1331 autumnus
806 1309 956 1332 racemos

460 1362 627 1394 purpureo
645 1351 753 1383 varius
769 1351 892 1383 colore.

371 1470 438 1502 iam
455 1473 487 1502 te
505 1474 659 1512 sequetur
677 1481 684 1501 z
708 1468 808 1501 currit
824 1468 914 1500 enim
929 1467 1022 1501 ferox

372 1527 462 1554 aetas
478 1528 509 1554 et
527 1522 575 1553 illi
592 1532 674 1563 quos
691 1521 752 1553 tibi
769 1520 950 1563 dempserit

415 1578 562 1616 apponet
579 1583 684 1604 annos
703 1585 710 1604 :
734 1572 800 1604 iam
816 1576 973 1614 proterva

459 1625 567 1658 fronte
583 1631 673 1668 petet
692 1625 816 1666 Lalage
832 1623 1000 1663 maritum,

371 1743 493 1776 dilecta
508 1748 670 1786 quantum
687 1754 754 1775 non
771 1742 898 1775 Pholoe
916 1741 1028 1784 fugax,

372 1807 440 1829 non
457 1796 589 1829 Chloris
606 1797 683 1828 albo
700 1796 746 1828 sic
763 1806 878 1828 umero
894 1795 1004 1827 nitens

415 1853 452 1880 ut
467 1859 550 1890 pura
566 1853 729 1880 nocturno
746 1848 874 1880 renidet

459 1900 538 1932 luna
554 1900 646 1940 mari,
668 1900 850 1932 Cnidiusve
868 1899 980 1942 Gyges
996 1910 1004 1931 ε

1198 121 1258 163 [ιν.

1233 1261 1266 1279 10
