1410 2283
273 137 332 175 238
560 136 594 173 Q.
627 134 757 165 ΗΘΚΛ
767 134 817 164 Tl
840 134 1011 165 FLACCJ
1244 133 1304 175 [v1.

277 209 403 241 ludicra
419 209 509 251 quid,
532 209 666 251 plausus
682 213 714 241 et
732 209 831 241 amici
847 208 937 241 dona
954 208 1094 250 Quiritis
1105 209 1121 242 ?

276 272 342 303 quo
358 262 539 303 spectanda
553 261 665 300 modo,
686 271 754 303 quo
771 271 868 301 sensu
885 261 992 293 credis
1008 265 1041 293 et
1057 262 1140 293 ore?

276 314 332 354 qui
351 314 442 344 timet
460 313 511 344 his
529 314 676 351 adversa,
699 313 766 345 fere
783 313 921 344 miratur
937 313 1057 344 eodem

278 376 345 406 quo
362 365 498 407 cupiens
515 371 612 407 pacto
631 377 639 396 z
664 376 769 407 pavor
785 370 833 396 est
851 364 1029 406 utrobique
1045 363 1216 403 molestus,
1278 379 1311 397 ιο

276 417 456 458 improvisa
471 417 569 448 simul
587 417 714 459 species
731 421 873 449 exterret
890 422 1079 458 utrumque.

274 469 416 510 gaudeat
433 480 475 500 an
492 469 614 507 dolcat,
635 469 748 510 cupiat
766 473 947 506 metuatne‚
968 468 1051 510 quid
1067 467 1111 500 ad
1127 478 1208 508 rem,

275 522 302 552 si
319 521 475 563 quicquid
497 521 586 552 videt
604 521 722 552 melius
740 520 876 562 peiusve
894 530 953 551 sua
970 530 1037 562 spe,

274 573 391 605 defixis
408 573 511 604 oculis
528 573 707 614 animoque
723 577 755 604 et
773 582 913 614 corpore
930 572 1068 614 torpet?

276 625 386 656 insani.
397 625 528 666 sapiens
545 635 668 657 nomen
686 624 779 662 serat,
799 634 925 666 aequus
941 623 1058 666 iniqui,

276 677 361 708 ultra
377 687 478 718 quam
494 677 574 708 satis
590 682 639 708 est
655 676 812 707 virtutem
830 676 856 707 si
874 680 966 717 petat
984 675 1104 717 ipsam.

276 728 286 759 i
303 739 400 764 nunc,
418 734 590 769 argentum
606 733 638 760 et
656 738 801 759 marmor
819 733 913 759 vetus
929 737 1074 769 aeraque
1090 730 1123 759 et
1140 730 1229 759 artes

276 780 415 821 suspice,
435 791 511 811 cum
527 780 669 821 gemmis
686 779 808 820 Tyrios
825 779 945 810 mirare
960 778 1091 810 colores
1108 789 1118 817 3

276 831 383 873 gaude
399 831 488 873 quod
505 835 656 873 spectant
673 830 760 862 oculi
777 835 810 862 te
827 830 920 862 mille
936 829 1133 872 loquentem
1149 841 1160 870 ;

277 894 380 915 navus
397 894 493 914 mane
512 884 635 914 Forum
651 887 684 914 et
701 882 910 924 vespertinus
928 887 1005 924 pete
1022 887 1160 922 tectum,
1274 897 1308 914 20

277 946 317 967 ne
335 935 409 976 plus
425 935 578 967 frumenti
597 935 765 966 dotalibus
781 939 905 966 emetat
922 934 1011 976 agris

280 987 392 1018 Mutus
409 987 670 1028 ‹et—indignum,
692 986 782 1028 quod
801 986 842 1017 sit
859 986 1029 1027 peioribus
1045 990 1181 1018 ortus—

279 1039 332 1070 hic
350 1038 409 1070 tibi
426 1039 466 1070 sit
483 1039 593 1080 potius
610 1049 711 1080 quarn
727 1043 763 1069 tu
780 1037 944 1069 mirabilis
960 1037 1020 1069 illi.

279 1091 436 1133 quicquid
453 1091 514 1122 sub
531 1096 616 1122 terra
632 1094 691 1128 est,
713 1090 747 1121 in
764 1090 914 1132 apricum
931 1087 1076 1132 proferet
1093 1093 1196 1130 aetas,

280 1143 426 1175 defodiet
442 1143 629 1184 condetque
647 1142 798 1174 nitentia.
849 1152 925 1173 cum
942 1141 1029 1174 bene
1045 1146 1162 1174 notum

281 1195 424 1237 porticus
442 1195 613 1236 Agrippae
631 1199 662 1226 et
679 1194 734 1225 via
751 1198 783 1226 te
800 1193 1012 1235 conspexerit
1029 1193 1135 1236 Appi,

281 1248 327 1279 ire
344 1252 455 1278 tamen
473 1252 572 1278 restat
590 1246 703 1277 Numa
719 1256 787 1287 quo
803 1245 939 1277 devenit
955 1250 987 1277 et
1005 1245 1130 1278 Ancus.

281 1300 308 1331 si
325 1299 411 1330 latus
427 1304 482 1330 aut
499 1309 593 1330 renes
610 1298 728 1330 morbo
745 1302 952 1340 temptantur
968 1302 1078 1336 acuto,

282 1361 401 1392 quaere
418 1351 528 1391 sugam
546 1350 665 1381 morbi.
716 1350 766 1381 vis
782 1354 870 1381 recte
887 1349 1014 1380 vivere:
1037 1349 1112 1391 quis
1126 1359 1194 1381 non
1205 1349 1222 1381 Ρ

282 1403 308 1434 si
326 1403 428 1434 virtus
443 1403 506 1434 hoc
523 1413 588 1433 una
604 1406 714 1443 potest
731 1401 822 1440 dare,
843 1401 936 1432 sortis
952 1400 1083 1432 omissis
1277 1415 1310 1441 30

282 1454 346 1485 hoc
363 1465 423 1495 age
441 1454 577 1486 deliciis.
629 1453 785 1484 virtutem
803 1452 905 1484 verba
922 1456 1020 1494 putas
1036 1456 1069 1483 et

283 1506 393 1537 lucum
410 1506 500 1548 ligna
515 1517 523 1536 τ
547 1516 628 1537 cave
644 1516 686 1536 ne
702 1509 819 1546 portus
836 1508 976 1546 occupet
993 1503 1086 1542 alter,

285 1569 326 1589 ne
344 1558 544 1599 Cibyratica,
564 1568 607 1589 ne
626 1557 770 1598 Bithyna
786 1556 922 1598 negotia
938 1555 1082 1597 perdas;

284 1610 375 1642 mille
392 1610 517 1641 talenta
532 1609 761 1646 rotundentur,
784 1608 925 1639 totidem
942 1607 1056 1646 altera,
1075 1617 1176 1649 porro
1191 1611 1224 1638 et

285 1663 382 1693 tertia
397 1661 583 1699 succedant,
604 1666 637 1693 et
654 1671 740 1702 quae
756 1670 833 1702 pars
849 1659 990 1701 quadret
1005 1668 1172 1691 acervum.

285 1714 410 1746 scilicet
426 1724 562 1745 uxorem
579 1723 655 1744 cum
671 1713 750 1744 dote
767 1711 934 1753 fidemque
951 1714 984 1742 et
999 1710 1124 1742 amicos

286 1770 318 1797 et
334 1776 438 1807 genus
454 1770 487 1797 et
504 1765 645 1796 sormam
661 1764 776 1805 regina
794 1763 940 1795 Pecunia
954 1763 1069 1801 donat,
1160 1804 1162 1806 v

288 1828 327 1849 ac
343 1818 426 1848 bene
443 1821 653 1848 nummatum
670 1816 806 1847 decorat
825 1814 971 1847 Suadela
987 1814 1176 1855 Venusque.

288 1869 463 1910 mancipiis
479 1869 630 1910 locuples
647 1872 722 1910 eget
739 1867 823 1899 aeris
842 1866 1085 1908 Cappadocum
1100 1875 1157 1896 rex
1175 1875 1184 1895 ι

288 1932 330 1953 ne
348 1921 446 1953 fueris
461 1921 516 1952 hic
533 1925 579 1952 tu.
630 1919 822 1961 chlamydes
839 1917 1006 1950 Lucullus.
1030 1921 1067 1950 ut
1080 1917 1183 1954 aiunt,
1285 1929 1320 1953 ⁴0
