1458 2315
70 129 125 171 x]
314 124 590 159 CARMINUM
612 121 758 153 LIBER
783 120 850 151 III.

247 214 303 237 me
318 213 409 236 nunc
425 201 597 234 Thtaessa
614 197 724 232 Chloe
739 195 838 239 regit,

207 257 316 291 dulcis
331 257 434 289 docta
448 254 570 287 modos
587 258 620 285 et
636 252 784 284 citharae
800 248 919 287 sciens,

251 321 314 354 pro
331 320 398 352 qua
414 319 484 340 non
501 311 652 339 metuam
668 303 765 343 mori,

208 363 235 396 si
252 366 392 407 parcent
409 361 542 393 animae
559 358 629 391 fata
646 356 827 400 superstiti.

253 495 308 516 me
325 486 428 516 torret
445 481 517 514 sace
534 484 652 512 mutua

210 536 355 570 Thurini
372 535 487 568 Calais
504 533 593 565 filius
610 530 743 572 Ornyti,

255 599 319 632 pro
335 598 403 631 quo
419 587 472 619 bis
488 585 599 629 patiar
614 583 712 622 mori,
788 576 792 577 ⁷

213 642 242 675 si
257 645 397 685 parcent
414 649 521 683 puero
537 637 607 670 fata
622 634 805 679 superstiti.

259 761 342 805 quid
358 760 386 793 si
402 759 513 803 piisca
528 757 616 791 redit
632 756 750 789 Venus

214 815 438 857 diductosque
455 812 535 854 iugo
551 810 641 853 cogit
658 818 774 847 aeneo,

260 869 289 902 si
306 867 393 900 flava
409 865 576 900 excutitur
592 863 712 901 Chloe,

214 922 426 963 reiectaeque
441 923 535 962 patet
552 917 654 950 ianua
670 914 799 958 Lydiae
809 914 826 948 ?

265 1050 473 1085 quamquam
489 1038 598 1071 sidere
614 1035 788 1080 pulchrior

218 1095 276 1129 ille
292 1099 353 1134 est,
372 1099 410 1126 tu
424 1092 532 1125 levior
547 1091 671 1123 cortice
688 1094 720 1121 ct
737 1086 895 1131 improbo

265 1146 459 1180 iracundior
475 1143 618 1182 Hadria,

224 1205 336 1234 tecum
351 1198 464 1233 vivere
482 1207 606 1234 amem,
624 1199 736 1228 tecum
753 1193 875 1227 obeam
891 1191 1011 1226 libens.

94 1498 141 1531 X.
284 1491 539 1527 XTREMUM
564 1489 698 1522 Tanain
715 1488 743 1521 si
758 1486 902 1525 biberes,
922 1486 1025 1527 Lyce,

306 1557 408 1580 saevo
423 1550 530 1588 nupta
546 1544 629 1582 viro,
650 1552 704 1576 me
721 1547 834 1575 tamen
851 1550 986 1582 asperas

229 1605 420 1644 porrectum
437 1604 514 1629 ante
532 1596 611 1628 soris
627 1595 760 1626 obicere
775 1592 895 1626 incolis

320 1652 471 1696 plorares
487 1648 726 1693 Aquilonibus.

232 1773 329 1808 audis
345 1783 413 1816 quo
429 1771 570 1813 strepitu
586 1769 696 1806 ianua,
717 1777 785 1810 quo
801 1775 920 1799 nemus

233 1827 322 1859 inter
338 1824 479 1868 pulchra
495 1827 605 1854 satum
622 1826 710 1853 tecta
727 1818 892 1860 remugiat

234 1879 354 1918 ventis,
375 1882 408 1910 et
424 1876 550 1919 positas
566 1880 602 1906 ut
618 1873 740 1916 glaciet
757 1872 850 1904 nives

328 1940 413 1974 puro
425 1928 564 1961 numine
581 1925 736 1969 Iuppiter
745 1925 761 1957 ἶ

1068 126 1109 155 79

1083 259 1116 276 10

1092 926 1126 942 20
