1410 2283
297 149 357 179 206
579 149 614 188 Q.
647 149 836 180 HORATI
859 149 1030 181 FLACCI
1243 149 1308 191 [1¹1.

297 223 447 262 stultitia,
466 223 520 256 hic
538 234 668 256 summa
683 228 732 256 est
749 224 891 257 insania:
914 224 971 267 qui
988 223 1176 265 sceleratus,

297 280 329 307 et
347 275 486 307 furiosus
503 276 578 307 erit:
602 287 701 318 quem
718 276 805 318 cepit
824 277 927 314 vitrea
944 276 1061 316 Fama,

296 327 384 358 hunc
401 327 632 359 circumtonuit
648 328 797 370 gaudens
817 325 954 360 Bellona
969 328 1172 361 cruentis.—

297 389 384 411 nunc
401 390 461 421 age
478 380 640 411 luxuriam
658 387 689 411 et
707 380 959 412 Nomentanum
976 381 1084 422 arripe
1100 391 1230 414 mecum
1245 393 1252 414 :

296 431 405 463 vincet
424 431 514 463 enim
531 432 648 463 stultos
665 432 749 463 ratio
766 432 909 464 insanire
926 438 1076 474 nepotes.

297 482 350 514 hic
367 483 464 514 simul
481 484 607 525 accepit
624 483 804 525 patrimoni
822 483 913 516 mille
930 483 1066 524 talenta,

297 535 406 573 edicit,
428 535 572 577 piscator
588 536 646 573 uti,
668 535 847 577 pomarius,
867 545 1000 577 auceps,

297 587 534 627 unguentarius
551 597 589 618 ac
606 587 707 619 Tusci
724 588 821 618 turba
837 587 941 629 impia
958 587 1033 626 vici,

296 648 372 670 cum
388 639 506 681 scurris
523 638 633 677 sartor,
653 649 729 671 cum
745 638 892 670 Velabro
909 649 1008 670 omne
1023 638 1201 671 macellum
1262 654 1312 680 229

296 700 394 721 mane
409 690 546 721 domuin
564 691 707 722 veniant.
735 690 815 731 quid
833 691 929 721 tum?
951 700 1070 722 venere
1087 689 1287 732 frequentes.

296 742 398 773 verba
414 742 490 774 sacit
507 742 596 774 leno:
618 743 626 757 ‘
637 741 795 783 quicquid
811 741 905 779 mihi,
925 741 1083 783 quicquid
1100 747 1132 774 et
1148 741 1266 774 horum

296 795 415 836 cuique
438 794 530 825 dorni
554 799 613 832 est,
633 794 666 824 id
690 793 788 825 crede
809 798 902 824 tuum
923 798 956 824 et
979 793 1032 825 vel
1052 803 1141 826 nunc
1162 799 1238 836 pete
1259 794 1312 827 vel

427 845 523 878 cras.’

296 897 410 939 accipe
425 897 506 939 quid
523 901 637 929 contra
653 896 780 929 iuvenis
796 896 1002 938 responderit
1019 906 1154 938 aequus.

300 951 308 965 ⁴
322 951 356 981 in
372 950 447 981 nive
465 949 600 981 Lucana
617 949 741 980 dormis
758 955 917 986 ocreatus,
938 954 973 980 ut
989 959 1107 990 aprum

297 1011 412 1033 cenem
429 1012 502 1042 ego.
551 1006 586 1032 tu
604 1001 703 1042 piscis
719 1000 859 1032 hiberno
876 1011 917 1032 ex
932 1010 1074 1042 aequore
1090 1000 1201 1032 verris.

296 1053 405 1094 segnis
421 1063 493 1093 ego,
513 1052 668 1093 indignus
685 1052 741 1093 qui
760 1057 888 1083 tantum
905 1051 1106 1093 possideam.
1123 1051 1226 1083 auser.

297 1115 389 1136 sume
406 1104 467 1136 tibi
482 1104 616 1135 deciens
629 1115 638 1142 3
674 1103 735 1134 tibi
752 1103 949 1135 tantundem
962 1113 972 1141 ;
1007 1103 1070 1134 tibi
1085 1103 1216 1146 triplex,

296 1157 384 1188 unde
401 1166 483 1187 uxor
500 1155 609 1187 media
625 1155 724 1186 currit
740 1155 782 1186 de
798 1160 897 1187 nocte
913 1153 1055 1186 vocata!

297 1208 382 1239 filius
399 1208 525 1249 Aesopi
543 1207 726 1239 detractam
743 1217 783 1238 ex
798 1217 875 1238 aure
893 1206 1065 1245 Metellae,

297 1260 422 1292 scilicet
437 1265 472 1291 ut
488 1259 621 1291 deciens
637 1258 782 1290 solidum
799 1258 1002 1296 absorberet,
1021 1262 1116 1290 aceto
1262 1272 1314 1297 240

296 1311 394 1342 diluit
412 1311 577 1352 insignem
594 1311 726 1342 bacam:
751 1310 807 1352 qui
824 1310 936 1341 sanior
951 1320 989 1341 ac
1001 1310 1029 1341 si

298 1362 381 1394 illud
398 1363 486 1394 idern
504 1363 537 1393 in
554 1362 708 1404 rapidum
725 1361 848 1393 flumen
864 1361 1026 1393 iaceretve
1042 1360 1218 1392 cloacam?

300 1415 417 1456 Quinti
433 1414 609 1456 progenies
626 1413 714 1451 Arri,
735 1424 796 1455 par
810 1413 924 1445 nobile
939 1412 1085 1451 fratrum,

298 1467 447 1508 nequitia
463 1472 495 1498 et
511 1466 616 1507 nugis,
638 1475 816 1507 pravorum
833 1470 865 1496 et
881 1474 994 1496 amore
1009 1463 1202 1505 gemellum,

298 1519 453 1550 luscinias
469 1517 558 1549 soliti
574 1518 726 1559 impenso
743 1516 906 1558 prandere
922 1520 1104 1557 coemptas,

299 1580 455 1612 quorsum
472 1569 616 1600 abeant?
639 1568 734 1599 sanin
751 1573 851 1605 creta,
872 1577 914 1598 an
931 1567 1076 1598 carbone
1091 1565 1196 1597 notati
1210 1567 1225 1597 ?

299 1620 473 1652 aedificare
488 1631 590 1658 casas,
611 1619 766 1661 plostello
783 1619 962 1660 adiungere
979 1617 1090 1656 muris,

299 1672 413 1704 ludere
430 1683 489 1714 par
506 1672 622 1712 impar,
643 1671 792 1712 equitare
807 1670 842 1700 in
859 1669 1044 1701 harundine
1060 1668 1161 1710 longa

299 1724 426 1765 siquem
444 1723 587 1754 delectet
601 1722 788 1759 barbatum,
809 1721 955 1752 amentia
969 1724 1088 1752 verset.

299 1775 327 1806 si
343 1775 500 1816 puerilius
515 1774 567 1805 his
583 1774 668 1805 ratio
684 1783 754 1804 esse
773 1772 902 1804 evincet
917 1781 1039 1809 amare,
1262 1783 1314 1808 250

298 1836 360 1857 nec
376 1826 552 1867 quicquam
568 1825 699 1856 differre
715 1828 868 1855 utrumne
884 1823 919 1854 in
934 1822 1082 1864 pulvere,
1099 1821 1216 1854 trimus

300 1877 398 1917 quale
413 1877 512 1917 prius,
533 1876 628 1907 ludas
644 1885 728 1916 opus
743 1885 786 1906 an
801 1873 983 1906 meretricis
998 1883 1111 1905 amore

299 1927 460 1960 sollicitus
477 1927 587 1968 plores
603 1939 610 1959 :
634 1936 768 1968 quaero,
788 1926 933 1957 faciasne
949 1925 1039 1966 quod
1056 1924 1137 1956 olim
