1458 2315
105 136 183 179 xm]

371 139 650 170 CARMJNUM
671 139 818 170 LIBER
845 141 874 171 I.
1107 151 1146 181 19

238 213 306 247 heu
319 213 388 247 heu
403 219 548 258 quantus
565 215 669 258 equis,
687 221 834 258 quantus
849 215 945 249 adest
961 215 1040 249 viris

238 268 358 301 sudor!
383 273 512 311 quanta
528 279 643 301 moves
660 268 776 301 funera
794 270 975 303 Dardanae
1112 286 1145 303 10

238 321 333 364 genti
350 323 358 353 !
381 321 450 353 iam
466 321 600 364 galeam
616 322 729 354 Pallas
745 327 777 354 et
795 323 918 365 aegida

329 385 511 418 currusque
529 379 561 407 et
578 375 707 407 rabiem
724 380 830 418 parat.

238 477 444 521 nequiquam
459 478 601 511 Veneris
618 479 788 521 praesidio
804 478 898 512 ferox

239 535 354 574 pectes
367 531 548 564 caesariem
563 536 726 574 grataque
740 531 874 575 feminis

238 583 368 616 imbelli
385 583 513 616 cithara
528 584 679 616 carmina
695 584 837 624 divides,

325 636 532 679 nequiquam
548 636 698 669 thalamo
712 637 825 679 gravis

237 739 350 772 hastas
367 743 401 772 et
416 739 538 772 calami
554 739 684 783 spicula
701 740 819 774 Cnosii

235 793 358 826 vitabis
374 793 618 836 strepitumque
635 798 668 826 et
684 794 828 827 celerem
845 794 940 839 sequi

235 845 378 879 Aiacem
393 858 401 878 ε
424 850 539 879 tamen
554 846 621 878 heu
638 857 730 879 serus
747 847 918 881 adulteros

324 899 426 932 crinis
441 899 581 942 pulvere
597 899 750 933 collines.
1105 914 1142 935 20

234 1012 303 1035 non
320 1002 534 1041 Laertiaden,
551 1003 691 1036 exitium
707 1008 785 1037 tuae

232 1057 336 1100 genti,
355 1067 424 1090 non
441 1057 574 1100 Pylium
591 1057 739 1090 Nestora
755 1057 920 1101 respicis?

231 1114 375 1152 urguent
391 1110 555 1152 impavidi
572 1114 604 1143 te
622 1110 828 1144 Salaminius

322 1163 453 1196 Teucer
469 1167 501 1196 et
516 1163 698 1197 Sthenelus
715 1164 823 1197 sciens

234 1276 378 1309 pugnae,
399 1265 468 1298 sive
485 1276 570 1308 opus
587 1270 635 1299 est
653 1266 845 1309 imperitare
861 1267 967 1310 equis,

232 1329 302 1351 non
317 1319 433 1361 auriga
449 1318 554 1361 piger.
605 1319 782 1352 Merionen
796 1331 930 1363 quoque

232 1382 361 1406 nosces.
412 1382 489 1404 ecce
506 1371 584 1404 sun't
602 1376 633 1404 te
650 1373 795 1415 reperire
811 1378 906 1406 atrox

319 1424 470 1467 Tydides
486 1424 607 1457 melior
622 1429 716 1467 patre
731 1438 738 1458 :

229 1539 331 1572 quem
346 1531 393 1568 tu,
413 1539 530 1561 cervus
543 1528 589 1560 uti
608 1527 704 1560 vallis
718 1528 752 1560 in
769 1528 873 1562 altera

229 1581 337 1614 visum
353 1586 449 1624 parte
465 1581 582 1624 lupum
598 1581 759 1623 graminis
777 1582 963 1624 immemor,
1094 1599 1128 1625 30

229 1634 366 1667 sublimi
382 1634 489 1676 fugles
506 1634 618 1666 mollis
635 1634 795 1675 anhelitu,

318 1698 386 1720 non
401 1687 464 1719 hoc
481 1687 650 1730 pollicitus
666 1693 753 1720 tuae.

226 1790 387 1823 iracunda
402 1790 492 1823 diem
510 1790 654 1833 proferet
673 1791 738 1823 Ilio

225 1844 456 1886 matronisque
476 1843 644 1886 Phrygum
662 1844 776 1877 classis
793 1843 938 1878 Achillei
956 1858 966 1887 ς

225 1900 302 1939 post
319 1901 426 1929 certas
442 1896 570 1929 hiemes
585 1902 656 1929 uret
673 1898 841 1931 Achaicus

313 1949 400 1992 ignis
420 1949 540 1983 Iliacas
557 1948 703 1983 domos)
