1410 2283
276 121 333 151 252
563 114 598 152 Q.
630 113 760 144 HORA
768 114 818 145 TI
842 114 1012 147 FLACCI
1209 115 1296 157 [Χνι.

275 186 450 219 stultorum
467 187 615 220 incurata
632 189 741 231 pudor
757 188 863 222 malus
879 189 989 222 ulcera
1005 188 1101 222 celat.

274 240 377 281 siquis
389 241 476 272 bella
493 241 553 272 tibi
570 247 656 273 terra
671 247 818 284 pugnata
834 243 984 285 marique

274 292 374 330 dicat,
395 297 426 324 et
443 293 494 324 his
510 293 619 326 verbis
635 304 756 326 vacuas
773 286 975 336 permulceat
991 294 1089 333 auris,

279 345 287 359 ‘
301 350 376 376 tene
393 346 498 386 magis
515 346 641 377 salvum
659 346 802 388 populus
819 346 898 378 velit
914 357 956 378 an
972 347 1134 389 populum
1151 350 1198 386 tu,

275 402 381 428 servet
399 397 431 427 in
449 397 607 439 ambiguo
623 398 680 439 qui
696 397 838 429 consulit
854 403 886 430 et
902 398 963 430 tibi
980 404 1012 430 et
1030 398 1117 431 Urbi

278 449 429 490 Iuppiter
442 461 452 488 ;
466 447 472 460 '
498 449 641 491 Augusti
658 449 772 482 laudes
789 460 968 491 agnoscere
985 450 1092 492 possis
1107 461 1116 483 ε

276 510 350 532 cum
368 501 489 542 pateris
506 502 637 543 sapiens
653 502 914 543 emendatusque
930 502 1052 541 vocari,
1268 516 1304 542 3⁰

275 553 498 594 respondesne
515 559 583 592 tuo,
598 553 652 585 dic
668 554 776 592 sodes,
796 554 956 586 nomine?
977 564 1099 596 nempe

275 605 326 636 vir
341 605 447 636 bonus
463 610 495 636 et
512 606 656 647 prudens
671 606 738 638 dici
754 606 902 638 delector
917 616 981 648 ego
997 616 1035 638 ae
1053 612 1098 638 tu.

275 656 331 698 qui
348 657 439 688 dedit
456 657 518 689 hoc
535 657 646 696 hodie,
667 668 738 690 cras
754 658 780 689 si
797 658 886 690 volet
902 657 1037 697 auferet,
1057 663 1092 690 ut
1109 657 1136 690 si

275 708 430 740 detulerit
447 708 542 741 fascis
558 710 707 751 indign0‚
728 709 879 741 detrahet
895 709 996 742 idem.

280 761 398 802 ‘pone‚
420 771 535 793 meum
547 761 617 793 est'
634 761 767 802 inquit·
790 771 881 802 pono
897 761 1064 803 tristisque
1080 760 1211 794 recedo.

276 812 364 844 idem
381 813 407 844 si
424 812 544 844 clamet
561 813 674 850 furem,
696 818 794 854 neget
806 823 878 844 esse
893 813 1062 854 pudicum,

275 864 455 896 contendat
472 864 591 906 laqueo
608 865 730 896 collum
748 864 903 906 pressisse
918 870 1104 907 paternum,

275 915 428 947 mordear
444 917 632 958 opprobriis
650 916 739 948 salsis
755 921 948 958 mutemque
964 917 1117 949 colores?

274 967 375 999 salsus
390 968 498 1000 honor
514 969 603 999 iuvat
621 974 652 1000 et
669 969 812 1000 mendax
829 968 965 1000 infamia
981 973 1082 1008 terret

274 1030 374 1059 quem
390 1020 454 1052 nisi
471 1021 668 1052 mendosum
685 1026 718 1052 et
734 1020 995 1052 medicandum?
1016 1021 1067 1052 vir
1082 1020 1190 1054 bonus
1206 1025 1255 1054 est

405 1073 479 1114 quis
491 1074 505 1104 ?
1264 1088 1301 1112 40

274 1126 330 1166 qui
348 1125 498 1157 consulta
515 1129 657 1167 patrum,
678 1124 734 1166 qui
751 1123 841 1166 leges
854 1124 991 1166 iuraque
1007 1134 1128 1164 servat,

273 1187 340 1217 quo
357 1177 482 1209 multae
498 1188 705 1219 magnaeque
721 1183 874 1209 secantur
889 1177 998 1209 iudice
1013 1176 1098 1216 liteS,

273 1239 339 1270 quo
357 1239 407 1260 res
424 1240 581 1271 sponsore
598 1234 630 1261 et
647 1240 714 1271 quo
731 1239 848 1261 causae
865 1233 949 1261 teste
964 1233 1130 1262 tenentur.

273 1281 331 1311 sed
350 1281 440 1313 videt
457 1282 546 1313 hunc
562 1281 670 1313 omnis
687 1281 806 1312 domus
822 1285 855 1312 et
871 1280 994 1312 vicinia
1009 1284 1082 1312 tota

272 1332 431 1365 introrsus
448 1339 587 1375 turpem,
608 1332 794 1375 speciosum
810 1331 895 1374 pelle
914 1332 1045 1364 decora.

276 1385 285 1400 ‘
299 1395 360 1416 nec
376 1385 497 1416 furtum
515 1384 579 1417 seci
594 1395 655 1417 nec
671 1385 741 1427 sugi
753 1383 761 1398 ‘
779 1384 806 1416 si
822 1383 905 1416 mihi
920 1384 1002 1416 dicit

272 1446 398 1474 servus;
420 1438 429 1452 ‘
441 1436 544 1469 habes
560 1437 713 1479 pretium,
734 1436 814 1468 loris
829 1446 897 1468 non
912 1436 1016 1468 ureris
1028 1434 1036 1448 '
1054 1435 1118 1468 aio.

275 1489 285 1503 ‘
297 1499 363 1519 non
381 1489 550 1521 hominem
567 1487 696 1521 occidi)
747 1489 835 1519 ‘non
851 1498 966 1530 pasces
981 1487 1016 1519 in
1032 1497 1128 1519 cruce
1143 1485 1288 1520 corvos.'

275 1541 284 1555 ‘
296 1551 368 1571 sum
386 1541 492 1572 bonus
510 1546 542 1573 et
561 1540 671 1583 frugi?
716 1540 825 1572 renuit
840 1539 1033 1582 negitatque
1051 1538 1214 1572 Sabellus-

269 1598 384 1624 cautus
401 1593 490 1624 enim
508 1593 624 1624 metuit
641 1593 772 1624 foveam
788 1592 886 1634 lupus
902 1591 1129 1634 accipiterque
1264 1604 1298 1629 5ο

269 1650 439 1686 suspectos
456 1645 594 1687 laqueos
609 1650 641 1677 et
658 1649 810 1687 opertum
825 1644 947 1675 miluus
962 1643 1112 1675 hamum.

269 1696 410 1728 oderunt
427 1708 564 1738 peccare
582 1697 663 1729 boni
674 1697 804 1728 virtutis
820 1706 956 1734 amore;

268 1752 305 1779 tu
321 1749 403 1779 nihil
421 1749 577 1781 admittes
594 1749 628 1780 in
644 1754 677 1781 te
693 1748 869 1780 formidine
885 1757 1014 1790 poenae
1032 1759 1041 1779 :

268 1800 310 1831 sit
326 1811 400 1842 spes
416 1801 564 1839 fallendi,
586 1801 740 1832 miscebis
753 1810 845 1832 sacra
860 1799 1017 1842 profanis.

267 1863 345 1884 nam
361 1854 403 1884 de
420 1854 512 1885 mille
529 1853 626 1884 sabae
642 1852 765 1884 modiis
782 1862 857 1883 cum
874 1851 1010 1893 surripis
1025 1860 1139 1888 unum,

267 1905 428 1945 damnum
445 1910 504 1943 est,
527 1915 594 1936 non
611 1904 747 1942 facinus,
768 1903 851 1935 mihi
867 1907 966 1945 pacto
981 1901 1089 1935 lenius
1104 1902 1180 1934 isto.

1394 2178 1402 2193 ν
