1410 2283
274 110 334 147 248
565 109 600 147 Q.
631 108 760 138 ΗΘΚΛ
770 108 820 138 TI
843 107 1013 139 FLACCI
1207 106 1299 148 [xm.

275 182 400 215 viribus
417 183 517 215 uteris
535 193 594 225 per
609 183 726 222 clivoS,
747 181 896 221 flumina,
915 181 1032 215 lamas.
1273 196 1306 214 ιο

276 235 382 267 victor
398 235 561 277 propositi
579 234 676 266 simul
693 244 732 266 ac
748 234 940 276 perveneris
957 233 1046 273 illuc,

276 287 323 319 sic
340 288 486 329 positum
502 286 650 318 servabis
666 296 760 325 onus,
782 296 825 323 ne
841 286 926 318 forte
941 286 1003 318 sub
1017 285 1072 317 ala

277 339 470 371 fasciculum
487 344 598 380 portes
615 338 774 369 librorum
792 343 827 369 ut
844 338 984 370 rusticus
1000 347 1136 380 agnum,

276 397 312 423 ut
330 391 444 422 vinosa
461 390 592 431 glomus
609 389 748 422 furtivae
766 390 905 431 Pyrrhia
919 389 1026 429 lanae,

278 449 313 476 ut
329 453 405 475 eum
421 442 559 484 pilleolo
575 442 681 474 soleas
697 442 838 474 conviva
854 441 997 474 tribulis.

279 506 320 527 nc
336 495 436 537 volgo
454 505 566 526 narres
583 499 614 526 te
631 494 802 526 sudavisse
819 493 957 526 serendo

281 547 429 580 carmina
445 557 532 589 quae
548 546 676 588 possint
694 546 808 578 oculos
824 545 979 588 aurisque
995 544 1117 577 morari

281 599 433 632 Caesaris
449 610 456 630 ε
480 604 591 630 oratus
607 598 712 629 multa
732 608 840 640 prece,
860 597 966 629 nitere
982 607 1094 639 porro.

282 652 378 691 vade,
397 650 471 682 vale
489 662 497 682 ε
520 660 600 683 cave
617 661 658 682 ne
676 650 799 682 titubes
815 648 1040 692 mandataque
1057 648 1201 691 frangas.

285 921 382 953 XIV.
499 920 631 952 ILICE
669 920 826 952 silvarum
860 923 893 952 et
930 918 1013 952 mihi
1051 928 1105 951 me
1142 916 1312 951 reddentis

607 972 718 1014 agelli,

284 1035 384 1067 quem
401 1028 435 1056 tu
453 1023 581 1056 fastidis
597 1024 787 1055 habitatum
805 1023 950 1065 quinque
968 1022 1050 1054 focis
1066 1026 1099 1054 et

284 1078 431 1119 quinque
448 1077 554 1108 bonos
572 1076 706 1107 solitum
723 1075 862 1106 Variam
878 1075 1050 1106 dimittere
1065 1078 1188 1116 patres,

284 1134 459 1166 certemus,
480 1128 594 1170 spinas
611 1127 768 1159 animone
785 1137 848 1168 ego
866 1126 983 1158 fortius
999 1137 1042 1158 an
1058 1131 1094 1158 tu

286 1181 408 1213 evellas
424 1191 514 1221 agro,
535 1184 567 1212 et
584 1180 702 1211 melior
719 1179 759 1211 sit
778 1179 940 1210 Horatius
957 1188 1000 1210 an
1017 1188 1079 1210 res.

285 1243 340 1265 me
355 1233 506 1274 quamvis
524 1232 661 1264 Lamiae
679 1231 784 1273 pietas
801 1234 834 1262 et
850 1241 928 1262 cura
944 1235 1102 1268 moratur,

286 1284 420 1316 fratrem
437 1285 626 1322 maerentis,
645 1288 741 1325 rapto
756 1283 799 1315 de
812 1283 912 1314 fratre
927 1281 1073 1314 dolentis

287 1337 516 1375 insolabiliter,
537 1341 649 1368 tamen
667 1336 751 1367 istuc
767 1345 861 1366 mens
876 1334 1073 1376 animusque

287 1388 349 1421 sert
365 1394 397 1421 et
413 1394 502 1420 amat
519 1388 635 1430 spatiis
650 1387 819 1419 obstantia
834 1396 986 1428 rumpere
1003 1385 1155 1417 claustra.

289 1452 361 1473 rure
379 1452 442 1482 ego
459 1441 637 1478 viventem,
658 1444 694 1471 tu
710 1439 793 1471 dicis
810 1439 843 1470 in
861 1438 943 1470 urbe
954 1438 1102 1469 beatum.
1282 1450 1314 1467 10

287 1493 340 1525 cui
358 1493 469 1534 placet
486 1492 633 1530 alterius,
654 1502 712 1523 sua
728 1491 886 1522 nimirum
901 1494 951 1522 est
967 1489 1046 1521 odio
1062 1498 1142 1520 sors.

288 1547 407 1578 stultus
422 1550 559 1587 uterque
576 1544 687 1576 locum
704 1543 908 1575 immeritum
922 1545 1074 1573 causatur
1088 1539 1201 1582 inique
1220 1550 1228 1571 z

288 1598 322 1629 in
339 1597 437 1639 culpa
453 1601 502 1629 est
514 1597 653 1634 animus,
673 1595 731 1637 qui
748 1605 782 1626 se
798 1604 866 1626 non
882 1593 998 1634 effug-it
1013 1602 1184 1634 umquam.

289 1655 325 1682 tu
342 1649 560 1681 mediastinus
576 1647 676 1679 tacita
693 1657 791 1689 prece
807 1656 882 1678 rura
897 1644 1048 1686 petebas,

289 1712 377 1733 nunc
392 1701 509 1732 urbem
526 1705 559 1732 et
576 1699 674 1731 ludos
690 1704 722 1731 et
739 1698 862 1730 balnea
877 1697 994 1728 vilicus
1010 1700 1130 1738 optas:

289 1764 342 1785 me
360 1757 510 1784 constare
527 1752 609 1783 mihi
626 1751 690 1783 scis
707 1755 740 1783 et
756 1749 928 1782 discedere
945 1748 1075 1780 tristem

289 1805 566 1847 quandocumque
583 1803 718 1835 trahunt
735 1801 842 1834 invisa
858 1800 993 1842 negotia
1010 1799 1166 1831 Romam.

289 1867 356 1887 non
372 1856 490 1887 eadem
506 1856 665 1886 miramur
685 1867 693 1887 z
717 1865 757 1886 eo
775 1851 986 1885 disconvenit
1002 1851 1089 1883 inter

288 1917 408 1949 meque
425 1911 457 1938 et
474 1911 516 1938 te.
566 1917 644 1938 nam
661 1916 746 1948 quae
761 1905 894 1937 dasena
909 1908 943 1936 et
959 1901 1130 1944 inhospita
1146 1904 1262 1941 tesqua

1399 1264 1410 1339 ΔΜ-

1390 1566 1410 1585 μ
