1458 2315
101 157 228 200 xxm]
369 160 649 191 CARMINUM
671 160 818 192 LIBER
846 162 874 192 J,
1111 171 1152 204 25

285 235 357 268 sive
372 246 434 279 per
452 235 560 278 Syrtis
578 236 641 269 iter
657 241 830 269 aestuosas

284 289 354 321 sive
371 289 519 322 facturus
535 300 596 332 per
612 289 856 332 inhospitalem

283 342 475 375 Caucasum
492 343 546 375 vel
564 354 650 386 quae
667 343 742 376 loca
759 344 932 376 fabulosus

463 397 583 429 lambit
603 397 797 440 Hydaspes

287 526 436 559 namque
454 527 508 549 me
526 517 611 549 silva
628 516 728 559 lupus
745 517 779 549 in
798 512 936 557 Sabina,

282 568 365 601 dum
382 580 495 601 meam
512 574 612 602 canto
630 570 783 613 Lalagen
799 570 938 604 etvultra
1114 585 1147 604 10

284 615 466 655 terminum
484 622 571 654 curis
588 634 694 665 vagor
711 623 891 666 expeditis,

462 675 546 718 sugit
564 675 726 708 inermem
742 688 749 708 ε

283 798 383 842 quale
400 802 596 842 portentum
614 810 724 842 neque
742 798 898 832 militaris

281 852 436 884 Daunias
452 852 531 884 latis
548 852 608 884 alit
626 853 815 892 aesculetis,

281 915 345 937 nec
361 905 470 938 Iubae
486 905 586 938 tellus
602 910 751 948 generat,
772 906 910 939 leonum

462 958 557 990 arida
574 959 698 992 nutrix.

278 1088 369 1121 pone
385 1089 440 1111 me
456 1079 562 1122 pigris
578 1079 637 1111 ubi
654 1079 748 1111 nulla
765 1080 896 1123 campis

280 1131 382 1164 arbor
396 1132 525 1164 aestiva
541 1137 710 1165 recreatur
726 1143 818 1173 aura,

278 1184 371 1226 quod
389 1184 476 1217 latus
492 1186 613 1217 mundi
629 1186 773 1218 nebulae
790 1184 968 1229 malusque

458 1238 616 1280 Iuppiter
632 1243 751 1280 urguet
764 1250 774 1278 ;
1107 1255 1142 1274 πο

277 1367 368 1400 pone
385 1357 448 1389 sub
465 1368 560 1389 curru
578 1358 722 1390 nimium
738 1358 922 1403 propinqui

278 1409 369 1449 solis,
388 1410 424 1442 in
441 1415 529 1443 terra
546 1411 704 1443 domibus
721 1418 865 1454 negata:

277 1462 378 1496 dulce
394 1463 561 1496 ridentem
579 1464 731 1507 Lalagen
747 1465 881 1505 amabo,

456 1516 554 1550 dulce
571 1516 780 1560 loquentem.

92 1816 236 1853 XXIII.
366 1819 477 1853 ITAS
495 1819 659 1854 hinnuleo
676 1832 731 1854 me
748 1821 878 1862 similis,
900 1821 1020 1862 Chloe,

387 1874 562 1916 quaerenti
581 1875 741 1916 pavidam
759 1876 932 1910 montibus
947 1875 1032 1909 aviis

317 1930 471 1966 matrem,
489 1937 557 1959 non
574 1927 646 1960 sine
662 1938 752 1960 vano

360 1990 517 2012 aurarum
537 1985 569 2012 et
588 1980 692 2013 siluae
710 1985 814 2014 metu.

350 2047 371 2083 3
