1458 2315
92 114 158 157 1v.]

92 609 157 644 IV.

337 114 396 145 CA
400 113 616 144 RMINUM
639 113 786 143 LIBER
813 112 879 143 III.

224 201 295 224 non
310 190 377 223 hoc
393 190 528 223 iocosae
545 189 724 222 conveniet
740 189 844 232 lyrae.

226 256 306 290 quo,
327 246 440 284 Musa,
463 245 599 278 tendis?
622 244 739 277 desine
755 244 916 287 pervicax

270 298 393 332 referre
410 309 583 331 sermones
600 298 742 330 deorum
759 302 792 330 et

315 362 440 395 magna
455 351 566 384 modis
583 356 722 384 tenuare
738 351 861 394 parvis.

322 610 556 644 ESCENDE
574 609 668 643 caelo
685 614 719 642 et
736 609 790 642 dic
807 620 870 652 age
888 609 972 641 tibia

343 664 460 706 regina
476 663 618 706 longum
635 663 792 706 Calliope
808 663 927 702 melos,

270 729 330 752 seu
346 729 430 751 voce
447 728 537 751 nunc
553 717 661 750 mavis
677 723 786 757 acuta,

313 782 372 804 seu
390 771 515 804 fidibus
533 771 705 804 citharave
723 770 866 803 Phoebi.

222 900 358 940 auditis,
378 911 422 933 an
438 911 493 933 me
509 900 596 933 ludit
612 901 770 933 amabilis

222 954 354 988 insania
365 955 381 987 ?
402 955 520 987 audire
537 959 571 988 et
588 955 707 987 videor
722 954 799 997 pios

267 1019 378 1042 errare
393 1019 455 1051 per
470 1007 576 1048 lucos,
597 1019 763 1041 amoenae

310 1072 398 1105 quos
414 1066 448 1094 et
464 1073 572 1105 aquae
589 1062 735 1095 subeunt
752 1066 785 1094 et
801 1071 913 1094 aurae.

220 1203 277 1225 me
293 1191 468 1224 fabulosae
484 1191 630 1224 Volture
647 1192 682 1224 in
699 1192 817 1235 Apulo

220 1244 348 1278 altricis
365 1250 461 1277 extra
476 1245 597 1277 limina
615 1244 776 1278 *villulae

265 1299 348 1331 ludo
365 1298 612 1341 fatigatumque
630 1309 752 1331 somno

307 1351 428 1384 fronde
446 1362 534 1384 nova
550 1362 694 1394 puerum
711 1351 890 1395 palumbes

219 1487 344 1522 texere,
364 1482 490 1514 mirum
506 1482 599 1525 quod
617 1482 703 1515 foret
720 1482 879 1515 omnibus

218 1537 426 1580 quicumque
443 1536 552 1568 celsae
570 1536 688 1568 nidum
706 1536 936 1569 Acherontiae

205 1626 209 1630 ,
261 1589 436 1632 saltusque
453 1589 620 1621 Bantinos
637 1594 670 1621 et
687 1600 806 1621 arvum

305 1643 432 1686 pingue
450 1647 565 1676 tenent
582 1642 722 1675 humilis
740 1643 890 1683 Forenti,

214 1776 253 1805 ut
269 1776 343 1804 tuto
361 1771 406 1803 ab
423 1771 505 1803 atris
521 1782 662 1815 corpore
680 1773 806 1816 viperis

216 1825 399 1858 dormirem
419 1829 451 1857 et
468 1825 564 1865 ursis,
584 1830 622 1858 ut
639 1837 810 1869 premerer
827 1837 920 1860 sacra

259 1878 426 1919 lauroque
444 1877 637 1920 collataque
655 1884 777 1921 myrto,

304 1940 375 1962 non
392 1929 465 1963 sine
481 1931 534 1964 dis
552 1932 724 1965 animosus
741 1931 863 1965 infans.

1100 111 1141 150 69

1109 257 1143 282 70

1105 1260 1138 1278 10

1100 1949 1135 1966 20
