1458 2315
429 739 826 784 SATIRARUM

461 891 588 918 LIBER
609 888 782 918 PRIMUS.

110 1013 143 1050 I.
278 1014 332 1048 UI
351 1014 398 1054 fit,
419 1014 612 1053 Maecenas,
633 1018 670 1047 ut
686 1025 796 1054 nemo,
818 1024 920 1057 quam
938 1013 1002 1046 sibi
1019 1017 1145 1047 sortem

298 1078 356 1100 seu
372 1067 457 1099 ratio
472 1067 603 1099 dederit
619 1078 678 1099 seu
693 1067 760 1099 sors
777 1067 948 1107 obiecerit,
970 1067 1029 1099 illa

79 1121 83 1126 ’
113 1125 291 1153 contentus
306 1120 409 1158 vivat,
428 1119 544 1151 laudet
560 1119 694 1151 diversa
711 1119 883 1162 sequentis
895 1120 910 1151 ?

119 1175 128 1189 ‘
141 1183 162 1204 o
180 1172 339 1204 fortunati
357 1176 560 1203 mercatores
573 1169 581 1184 ’
598 1172 710 1213 gravis
726 1172 824 1204 annis

115 1225 213 1257 miles
228 1225 275 1256 ait
291 1223 398 1256 multo
416 1224 483 1255 iam
501 1223 625 1255 fractus
641 1224 795 1256 membra
812 1223 938 1256 labore.

116 1283 233 1311 contra
248 1282 423 1316 mercator,
444 1276 558 1308 navim
575 1276 778 1308 iactantibus
795 1277 926 1316 austris,

120 1332 129 1348 ‘
143 1330 263 1362 militia
277 1334 327 1362 est
343 1329 464 1372 potior.
515 1329 597 1371 quid
614 1329 731 1361 enim?
754 1329 962 1361 concurritur
977 1341 985 1361 :
1008 1329 1112 1362 horae

120 1387 296 1416 momento
312 1382 379 1414 cita
394 1392 485 1413 mors
501 1382 593 1413 venit
610 1386 667 1413 aut
684 1382 825 1413 victoria
841 1381 954 1414 laeta.'

117 1435 300 1479 agricolam
316 1434 431 1466 laudat
448 1434 526 1466 iuris
543 1434 723 1477 legumque
740 1434 876 1476 peritus,

117 1489 180 1521 sub
195 1488 277 1531 galli
293 1493 428 1520 cantum
444 1486 615 1519 consultor
632 1487 690 1518 ubi
707 1487 793 1519 ostia
809 1487 930 1529 pulsat.
1115 1503 1147 1521 ιο

117 1541 185 1580 ille,
203 1541 292 1573 datis
307 1540 449 1572 vadibus
466 1539 522 1582 qui
540 1550 613 1571 rure
630 1544 797 1572 extractus
813 1539 846 1571 in
864 1540 982 1572 urbem
999 1545 1058 1579 est,

119 1593 209 1626 solos
226 1593 341 1626 felices
356 1593 500 1625 viventis
515 1591 638 1624 clamat
656 1592 690 1623 in
707 1592 800 1624 urbe.

118 1652 231 1679 cetera
247 1646 289 1679 de
305 1656 427 1688 genere
443 1645 517 1684 hoc,
539 1645 624 1677 adeo
641 1650 717 1677 sunt
734 1645 850 1684 multa,
871 1645 1047 1688 loquacem

118 1699 287 1732 delassare
303 1698 417 1730 valent
436 1698 592 1730 Fabium.
642 1708 683 1730 ue
701 1703 732 1730 tc
750 1709 873 1737 morer,
890 1699 968 1730 audi

117 1763 186 1794 quo
203 1762 271 1784 rem
287 1751 463 1783 deducam.
514 1750 618 1792 siquis
634 1750 717 1782 deus
737 1751 745 1766 ‘
759 1761 800 1783 cn
819 1749 897 1794 ego'
914 1751 1005 1783 dicat

121 1806 130 1821 ‘
144 1805 211 1837 iam
229 1804 347 1836 faciam
364 1803 453 1846 quod
472 1802 572 1835 voltis
589 1815 595 1834 :
619 1803 682 1835 eris
698 1808 745 1842 tu,
765 1804 821 1845 qui
839 1803 941 1836 modo
957 1804 1065 1845 miles,

117 1860 308 1896 mcrcator3
331 1861 378 1895 tu,
399 1855 571 1887 consultus
588 1855 701 1894 modo,
723 1856 886 1889 rusticus:
910 1856 990 1889 hinc
1006 1868 1077 1898 vos,

118 1919 178 1942 vos
194 1909 273 1942 hinc
289 1908 426 1940 mutatis
442 1907 606 1940 discedite
622 1907 783 1949 partibus.
830 1908 893 1941 eia.

118 1961 200 2006 quid
213 1959 351 1994 statis?'
376 1959 494 1993 nolint.
546 1959 639 2003 atqui
657 1959 733 1992 licet
751 1970 822 1993 esse
839 1960 957 1995 beatis.
