1458 2315
125 147 223 190 v111.]
382 149 658 181 CARMJNUM
680 150 825 180 LIBER
852 150 914 181 IV.
1109 160 1167 191 115

171 225 298 258 damna
314 228 431 258 tamen
446 226 573 259 celeres
589 230 748 269 reparant
765 225 925 259 caelestia
937 225 1039 259 lunae
1056 238 1064 259 ι

351 289 414 311 nos
430 279 491 310 ubi
507 279 695 311 decidimus

170 342 240 375 quo
256 336 354 375 pater
370 332 519 371 Aeneas,
541 342 608 374 quo
626 331 746 364 Tullus
763 331 860 365 dives
877 336 910 365 et
927 331 1056 372 Ancus,

348 384 460 427 pulvis
477 390 509 417 et
527 385 648 417 umbra
664 395 789 417 sumus.

170 489 244 533 quis
260 489 323 522 scit
339 500 384 522 an
400 489 550 522 adiciant
567 490 753 522 hodiernae
770 490 915 522 crastina
931 500 1085 523 summae

349 547 506 585 tempora
523 543 558 574 di
575 543 714 585 superi?
824 580 827 582 .

170 600 294 629 cuncta
308 606 429 628 manus
446 596 563 628 avidas
579 595 710 638 fugient
725 595 871 636 heredis,
892 595 1004 628 amico

350 659 437 691 quae
454 648 589 681 dederis
606 649 730 682 animo.
1130 663 1164 680 20

169 763 248 786 cum
264 752 370 786 semel
386 752 549 785 occideris
566 757 599 786 et
616 753 658 785 de
675 757 709 785 te
726 752 906 795 splendida
923 752 1040 785 Minos

348 805 466 838 fecerit
481 805 631 845 arbitria,

170 870 251 899 non,
271 859 456 902 Torquate,
475 869 593 901 genus,
613 869 682 891 non
699 864 732 891 te
751 858 918 899 facundia,
940 869 1008 891 non
1025 863 1059 891 te

349 912 503 945 restituet
519 911 639 954 pietas.

169 1016 308 1050 infernis
323 1026 433 1059 neque
450 1015 541 1049 enim
556 1015 706 1048 tenebris
723 1015 837 1048 Diana
853 1015 1016 1058 pudicum

345 1069 467 1101 liberat
484 1069 728 1111 Hippolytum,

166 1133 229 1156 nec
245 1121 397 1155 Lethaea
412 1122 502 1154 valet
519 1122 671 1154 Theseus
688 1123 890 1165 abrumpere
906 1132 985 1155 caro

347 1174 482 1207 vincula
500 1174 664 1208 Pirithoo.

122 1491 228 1527 VIII.
352 1491 566 1526 ONAREM
583 1497 718 1536 pateras
732 1497 895 1537 grataque
912 1494 1123 1534 commodus,

374 1546 571 1586 Censorine,
593 1547 677 1578 meis
693 1557 771 1579 aera
788 1547 973 1586 sodalibus,

254 1599 419 1632 donarem
436 1599 600 1641 tripodas,
621 1600 774 1642 praemia
791 1599 930 1632 fortium

256 1653 449 1691 Graiorum,
468 1663 579 1695 neque
596 1657 632 1684 tu
649 1652 797 1695 pessima
814 1663 992 1685 munerum

254 1705 367 1745 serres,
389 1704 495 1736 divite
511 1715 565 1737 me
583 1704 709 1737 scilicet
726 1705 849 1737 artium

254 1768 339 1801 quas
356 1763 413 1790 aut
432 1757 630 1790 Parrhasius
646 1757 788 1800 protulit
804 1762 861 1790 aut
881 1758 1021 1801 Scopas,

253 1810 310 1843 hic
327 1821 418 1850 saxo,
440 1810 578 1853 liquidis
596 1810 652 1843 ille
670 1810 840 1843 coloribus

253 1863 371 1896 sollers
387 1874 477 1896 nunc
492 1863 666 1895 hominem
683 1873 819 1906 ponere,
841 1873 930 1896 nunc
946 1863 1058 1897 deum.

254 1916 314 1948 sed
330 1926 400 1948 non
416 1916 499 1949 haec
516 1916 599 1948 mihi
617 1916 676 1955 vis,
697 1927 759 1948 nec
777 1916 837 1948 tibi
855 1916 973 1949 talium

254 1978 308 2002 res
324 1973 374 2002 est
391 1973 449 2001 aut
466 1969 599 2001 animus
616 1968 815 2001 deliciarum
833 1979 944 2012 egens.
1122 1984 1154 2001 10
