1458 2315
89 129 155 174 1v.]

347 131 625 164 CARMINUM
647 132 794 163 LIBER
821 133 883 163 IV.
1079 141 1138 171 109

267 208 382 241 videre
399 208 500 241 Raeti
516 208 608 241 bella
624 208 686 241 sub
703 208 851 251 Alpibus

268 262 420 294 Drusum
437 267 611 304 gerentem
628 261 986 305 Vindelici‚—quibus

313 325 387 347 mos
402 315 493 347 unde
509 315 674 347 deductus
690 326 751 358 per
767 325 868 347 omne

360 372 495 410 tempus
511 368 700 400 Amazonia
717 368 825 401 securi
1107 383 1142 400 20

271 472 407 505 dextras
425 472 577 506 obarmet
594 483 755 516 quaerere
772 472 900 513 distuli,

270 535 333 558 nec
351 525 435 558 scire
451 525 502 558 fas
518 530 568 558 est
584 526 700 558 omnia
715 526 830 558 t—sed
847 526 905 559 diu
933 517 939 524 ⁶

315 578 454 621 lateque
469 578 623 610 victrices
639 583 794 611 catervae
831 587 834 589 ’

360 630 510 664 consiliis
526 631 655 664 iuvenis
672 631 818 664 revictae

271 745 404 768 sensere
420 734 504 778 quid
519 745 616 768 mens
632 735 706 775 rite,
723 736 806 779 quid
823 735 956 769 indoles

270 787 398 820 nutrita
413 788 530 821 faustis
546 788 610 820 sub
626 789 858 831 penetralibus

315 845 442 884 posset,
462 841 545 884 quid
561 842 708 884 Augusti
725 847 888 884 paternus

362 893 398 926 in
414 904 537 936 pueros
553 894 686 926 animus
704 895 870 928 Nerones.

273 997 376 1030 fortes
392 1001 547 1030 creantur
562 997 706 1031 fortibus
723 1003 757 1032 et
772 999 872 1032 bonis
887 1010 898 1039 ;

271 1054 323 1084 est
339 1050 375 1083 in
390 1050 551 1091 iuvenciS,
571 1056 621 1084 est
638 1052 673 1083 in
690 1051 786 1094 equis
803 1058 938 1095 patrum
1109 1069 1143 1093 30

318 1103 434 1143 virtus,
453 1114 564 1147 neque
581 1104 754 1137 imbellem
770 1104 898 1137 feroces

361 1162 588 1199 progenerant
604 1157 739 1200 aquilae
755 1158 949 1190 columbam
967 1169 975 1191 :
1005 1158 1056 1198 μ

271 1259 426 1292 doctrina
442 1259 502 1291 sed
517 1259 587 1291 vim
604 1265 781 1302 promovet
798 1260 944 1301 insitam,

273 1312 422 1355 rectique
439 1311 547 1344 cultus
563 1318 702 1355 pectora
718 1313 878 1346 roborant
892 1326 902 1355 3

317 1369 499 1407 utcumque
514 1364 669 1397 defecere
686 1376 806 1406 mores,

361 1417 560 1451 indecorant
576 1417 663 1451 bene
680 1423 760 1450 nata
776 1418 906 1462 culpae.

272 1522 355 1566 quid
373 1522 508 1561 debeas,
527 1533 548 1554 o
566 1522 688 1562 Roma,
709 1523 916 1563 Neronibus,

272 1575 367 1609 testis
384 1576 579 1608 Metaurum
595 1574 722 1608 flumen
739 1580 772 1609 et
791 1576 991 1610 Hasdrubal

315 1628 468 1661 devictus
484 1632 517 1661 et
534 1628 675 1670 pulcher
691 1628 814 1671 sugatis

360 1681 418 1714 ille
435 1681 508 1714 dies
525 1681 626 1714 Latio
644 1682 800 1721 tenebris,
1106 1699 1140 1724 40

271 1785 329 1828 qui
346 1785 474 1828 primus
491 1784 581 1817 alma
597 1784 668 1817 risit
684 1785 820 1825 adorea,

269 1838 362 1870 dirus
378 1848 439 1881 per
454 1838 555 1870 urbes
571 1837 655 1870 Afer
670 1843 706 1870 ut
725 1838 830 1870 Italas

314 1901 376 1924 ceu
390 1890 526 1922 flamma
542 1901 602 1933 per
618 1890 734 1923 taedas
750 1891 804 1924 vel
822 1890 933 1927 Eurus

357 1953 417 1987 per
435 1943 567 1977 Siculas
584 1944 748 1988 equitavit
764 1943 882 1977 undas.
