1458 2315
374 129 588 161 CARMEN
611 130 707 162 SAE
711 131 738 163 C
742 131 914 164 ULARE.

251 205 299 246 di,
319 205 446 250 probos
462 217 574 240 mores
591 207 695 241 docili
712 207 882 250 iuventae,

252 259 300 299 di,
320 261 486 294 senectuti
502 260 658 304 placidae
675 262 836 304 quietem,

254 313 425 348 Romulae
441 314 537 357 genti
553 315 634 347 date
650 326 792 359 remque
809 315 1010 361 prolemque

433 373 467 400 et
483 367 586 400 decus
603 378 704 401 omne
719 381 729 409 3

252 482 407 515 quaeque
424 483 484 505 vos
500 472 611 506 bobus
628 479 806 507 veneratur
822 474 909 508 albis

253 525 364 558 clarus
380 526 554 559 Anchisae
571 527 785 570 Venerisque
804 530 954 572 sanguis,

251 578 422 621 impetret,
443 579 594 612 bellante
610 580 713 622 prior,
731 581 899 615 iacentem

430 630 517 664 lenis
534 632 569 664 in
585 632 730 665 hostem.

249 735 319 768 iam
335 736 422 769 mari
438 741 594 781 terraque
610 749 731 771 manus
747 739 897 782 potentis

250 789 374 822 Medus
390 790 614 835 Albanasque
630 792 727 825 timet
744 793 881 833 securis,

249 842 318 875 iam
337 843 485 886 Scythae
501 855 664 887 responsa
679 850 811 888 petunt,
831 847 956 890 superb

430 907 548 940 nuper,
569 904 603 931 et
620 898 711 932 Indi.

249 999 318 1032 iam
335 1000 438 1034 Fides
455 1005 489 1034 et
506 1001 578 1034 Pax
594 1006 628 1035 et
646 1002 770 1036 Honos
788 1003 970 1048 Pudorque

250 1053 381 1096 priscus
397 1058 430 1087 et
446 1054 602 1097 neglecta
618 1056 729 1089 redire
745 1056 864 1091 Virtus

249 1106 363 1147 audet,
384 1113 594 1151 apparetque
610 1108 711 1142 beata
727 1110 833 1153 pleno

430 1161 542 1204 Copia
558 1172 672 1196 cornu.

248 1277 356 1309 augur
371 1270 405 1299 et
420 1265 571 1309 fulgente
588 1267 731 1301 decorus
747 1279 827 1302 arcu

250 1319 410 1352 Phoebus
425 1326 651 1363 acceptusque
667 1331 792 1354 novem
811 1323 981 1365 Camenis,

247 1373 307 1416 qui
323 1372 463 1406 salutari
479 1373 569 1406 levat
586 1379 657 1407 arte
674 1375 779 1408 fessos

427 1425 578 1468 corporis
595 1430 698 1466 artus,

457 1494 475 1506 0

246 1531 275 1563 si
293 1530 466 1564 Palatinas
480 1531 573 1565 videt
590 1544 718 1576 aequus
734 1545 820 1574 aras,

245 1594 386 1627 remque
404 1585 597 1618 Romanam
613 1586 818 1630 Latiumque
834 1587 915 1622 felix

244 1637 390 1671 alterum
406 1638 441 1671 in
457 1638 601 1671 lustrum
616 1639 807 1684 meliusque
823 1652 958 1685 semper

426 1696 588 1735 prorogat
604 1702 737 1726 aevum.

244 1807 400 1841 quaeque
417 1798 628 1832 Aventinum
644 1805 738 1834 tenet
754 1801 989 1847 Algidumque

243 1850 439 1893 quindecim
457 1852 570 1885 Diana
586 1863 704 1895 preces
723 1854 870 1888 virorum

242 1907 338 1936 curat
355 1908 388 1938 et
403 1905 492 1938 votis
507 1916 689 1948 puerorum
705 1907 832 1942 amicas

424 1958 575 2002 applicat
591 1959 695 1994 auris.

1113 146 1170 177 131

1137 546 1172 570 50

1123 1874 1161 1900 70
