1410 2283
276 174 334 204 10⁴

559 164 595 203 Q.
626 163 759 195 HORA
768 163 819 195 T!
840 162 1014 195 macc!

451 243 484 272 et
501 237 704 282 quandoque
720 238 892 281 potentior

407 292 492 335 largi
509 293 703 325 muneribus
718 293 825 325 riserit
841 291 977 332 aemuli,

451 345 607 377 Albanos
623 355 728 388 prope
745 349 778 378 te
794 345 886 377 lacus

408 402 511 440 ponet
527 408 748 430 marmoream
765 397 827 430 sub
844 397 937 430 trabe
952 396 1066 430 citrea.

452 506 520 540 illic
537 505 681 549 plurima
697 506 833 539 naribus

408 559 510 592 duces
527 565 611 598 tura,
630 559 768 602 lyraque
783 564 817 592 et
836 557 1032 601 Berecyntia

451 611 662 644 delectabere
679 611 763 643 tibia

410 663 523 696 mixtis
539 664 743 697 carminibus
758 673 826 696 non
843 663 914 696 sine
931 661 1040 697 fistula
1054 673 1066 703 ς

456 773 525 806 illie
541 773 593 805 bis
609 773 703 816 pueri
720 773 775 805 die

411 836 536 858 numen
552 836 628 858 cum
645 825 768 858 teneris
783 824 969 867 virginibus
985 828 1079 858 tuum

458 877 634 910 laudantes
650 877 736 919 pede
752 877 898 910 candido

413 929 447 961 in
463 940 591 962 morem
610 929 739 962 Salium
755 933 807 962 ter
821 929 971 972 quatient
987 928 1137 962 humum.

457 1052 513 1074 me
529 1052 589 1074 nec
606 1041 731 1074 semina
746 1052 808 1074 nec
825 1051 908 1084 puer

412 1094 481 1128 iam
497 1105 558 1127 nec
575 1105 651 1136 spes
667 1093 770 1126 animi
787 1093 922 1125 credula
937 1090 1057 1134 mutui,

459 1157 520 1179 nec
537 1151 663 1178 certare
681 1145 771 1177 iuvat
785 1155 889 1184 mero,

414 1209 476 1232 nee
492 1198 617 1230 vincire
632 1198 729 1230 novis
746 1202 898 1240 tempora
914 1196 1063 1230 floribus.

459 1309 517 1342 sed
533 1319 591 1342 cur
606 1308 682 1347 heu,
703 1308 873 1351 Ligurine,
892 1318 952 1340 cur

415 1366 528 1394 manat
544 1371 617 1393 rara
632 1371 725 1393 meas
740 1360 878 1393 lacrima
891 1371 951 1403 per
965 1361 1090 1403 genas?

459 1424 517 1447 cur
533 1413 676 1446 facunda
690 1423 809 1455 parurn
824 1412 948 1445 decoro

415 1466 503 1498 inter
518 1465 621 1498 verba
635 1464 727 1498 cadit
742 1464 858 1507 lingua
873 1463 1031 1497 silentio?

459 1575 630 1608 nocturnis
647 1585 710 1618 ego
725 1575 864 1608 somniis

417 1631 484 1660 iam
500 1633 636 1671 captum
653 1632 761 1667 teneo,
782 1628 851 1660 iam
867 1626 1037 1661 volucrem
1051 1637 1174 1672 sequor

460 1685 494 1713 te
510 1691 570 1723 per
585 1680 738 1722 gramina
753 1679 869 1712 Martii

417 1733 538 1776 campi,
558 1735 593 1766 te
607 1742 667 1775 per
683 1742 796 1775 aquas,
814 1732 908 1772 dure,
928 1731 1097 1765 volubilis.
