1458 2315
119 168 227 212 xva]
349 167 714 200 EPISTULARUM
735 168 880 198 LIBER
906 169 933 199 l.
1101 176 1162 208 253

118 245 172 279 vir
185 245 307 285 bonus,
327 255 429 277 omne
444 243 553 277 sorum
569 254 672 287 quem
687 248 816 287 spectat
832 248 865 277 et
881 254 982 276 omne
998 242 1158 283 tribunal,

120 297 404 341 quandocumque
419 297 502 330 deos
517 296 571 329 vel
588 307 691 339 porco
707 297 762 329 vel
777 297 863 329 bove
880 297 1003 339 placat,

124 352 134 367 ‘
149 351 232 383 Iane
249 354 345 394 pater
357 349 364 363 ’
380 349 481 389 clare,
502 349 590 382 clare
607 360 684 382 cum
700 349 786 381 dixit
806 351 816 365 ‘
828 347 983 392 Apollo‚'

121 402 218 435 labra
229 407 344 436 movet
360 408 514 436 metuens
529 402 638 435 audiri
654 415 662 435 :
693 404 701 418 ‘
714 402 831 445 pulcra
847 403 1014 443 Laverna,
1130 409 1165 435 60

121 455 167 488 da
183 455 268 488 mihi
284 455 411 495 fallere,
431 455 476 488 da
492 455 579 487 iusto
596 460 780 497 sanctoque
798 455 914 494 videri,

122 513 259 541 noctem
274 508 425 551 peccatis
441 512 474 540 et
490 507 664 540 fraudibus
677 508 774 540 obice
789 506 943 541 nubem.’

123 561 182 604 qui
197 560 319 593 melior
334 571 440 600 servo,
461 561 519 604 qui
535 560 673 593 liberior
690 561 732 592 sit
747 571 878 600 avarus,

123 615 159 647 in
176 614 284 646 triviis
300 613 404 646 fixum
420 624 498 646 cum
514 624 550 646 se
565 613 713 646 demittit
730 614 775 646 ob
791 624 911 653 assem,

123 678 192 700 non
207 667 318 700 video.
364 677 444 699 nam
461 666 519 709 qui
535 666 659 709 cupiet,
679 671 805 699 metuet
823 677 957 709 quoque
973 679 980 698 ε
1005 676 1108 709 porro

123 719 182 763 qui
198 725 351 752 metuens
366 720 468 759 vivet,
488 719 576 752 liber
591 720 674 751 mihi
692 731 760 752 non
777 720 839 752 erit
857 731 1027 762 umquam.

122 773 273 817 perdidit
289 783 393 812 arma,
413 772 527 805 locum
544 773 674 805 virtutis
691 773 848 812 deseruit,
869 773 927 815 qui

124 836 258 869 semper
274 826 310 858 in
326 825 482 868 augenda
498 825 635 858 festinat
651 830 685 858 et
701 825 855 858 obruitur
871 837 916 858 re.

124 879 270 912 vendere
284 889 362 912 cum
377 878 487 921 possis
503 879 685 921 captivum,
703 879 856 911 occidere
874 879 944 910 noli
963 890 972 911 ε

123 932 246 965 serviet
261 930 388 964 utiliter
403 943 412 964 ε
435 931 507 964 sine
522 937 638 974 paseat
656 932 758 964 durus
775 938 925 974 aretque,
1135 948 1168 972 70

122 984 260 1027 naviget
275 994 315 1016 ac
330 983 451 1016 mediis
466 983 591 1016 hiemet
609 990 774 1016 mercator
790 984 824 1016 in
839 985 950 1024 undis,

93 1044 101 1052 ’
125 1047 279 1070 annonae
295 1035 412 1079 prosit,
431 1041 543 1079 portet
559 1035 727 1084 frumenta
743 1048 927 1079 penusque.

123 1090 175 1122 vir
188 1090 298 1122 bonus
313 1093 346 1121 et
363 1089 497 1131 sapiens
512 1088 649 1121 audebit
667 1089 777 1121 dicere
798 1091 807 1104 ‘
822 1089 983 1130 I'entheu,

127 1148 237 1176 rector
252 1142 460 1180 Thebarum,
480 1142 560 1184 quid
579 1153 632 1174 me
650 1142 794 1185 perferre
809 1143 946 1186 patique

128 1197 306 1239 indignum
322 1193 466 1238 coges?'
494 1196 502 1211 ‘
515 1194 663 1227 adimam
681 1194 796 1228 bona.’
848 1197 856 1211 ‘
869 1206 991 1239 nempe
1007 1208 1120 1240 pecus,

262 1259 345 1287 rem,

129 1303 246 1342 lectos,
266 1305 455 1344 argentum.
503 1300 605 1333 tollas
621 1299 722 1333 licet?
773 1300 827 1332 ‘in
844 1302 985 1334 manicis
1001 1306 1035 1336 et

129 1354 352 1398 compedibus
367 1363 468 1386 saevo
484 1357 517 1386 te
533 1354 596 1386 sub
612 1353 751 1386 custode
767 1353 915 1386 teneb0.'

131 1406 141 1421 ‘
160 1409 231 1451 ipse
248 1407 341 1446 deus,
357 1406 457 1438 simul
470 1413 571 1450 atque
588 1406 712 1445 volam,
733 1417 787 1439 me
800 1405 935 1439 solvet.’
981 1408 1103 1450 opinor

126 1461 193 1495 hoc
215 1459 327 1499 sentit,
351 1458 518 1492 ‘morian’
567 1470 658 1492 mors
674 1459 792 1492 ultima
809 1459 897 1492 linea
916 1471 1024 1492 rerum
1041 1467 1102 1494 est.

128 1667 248 1702 XVII.
280 1667 583 1772 QUAMVIS,
595 1668 734 1708 Scaeva,
745 1669 824 1702 satis
836 1681 895 1713 per
906 1675 937 1704 te
949 1671 1009 1703 tibi
1024 1671 1170 1704 consulis

485 1729 518 1756 et
536 1724 601 1756 scis

129 1784 198 1817 quo
215 1775 352 1808 tandem
370 1780 470 1819 pacto
485 1777 602 1809 deceat
621 1776 803 1810 maioribus
821 1778 880 1815 uti.

129 1827 232 1868 disce,
252 1828 426 1862 docendus
443 1830 553 1863 adhuc
569 1841 656 1873 quae
674 1837 784 1864 censet
803 1832 977 1870 amiculus,
994 1839 1026 1864 ut
1046 1833 1071 1865 si

128 1891 248 1914 caecus
264 1881 327 1915 iter
342 1889 528 1915 monstrare
545 1883 624 1915 velit
642 1895 649 1915 ι
674 1888 787 1915 tamen
803 1884 938 1927 adspice
955 1886 1066 1928 siquid

129 1937 163 1966 et
178 1944 241 1967 nos
255 1935 347 1978 quod
364 1946 458 1969 cures
472 1935 644 1978 proprium
664 1935 780 1968 secisse
797 1936 984 1979 ioqurtmur.

130 1985 159 2019 si
174 1990 209 2020 te
223 1991 320 2030 grata
335 1987 430 2031 quies
445 1994 478 2021 et
496 1988 639 2031 primam
658 1999 794 2021 somnus
813 1989 844 2021 in
863 1989 979 2022 horam
