1410 2283
279 141 337 162 202
557 132 591 170 Q.
623 129 814 162 HORATI
836 130 1007 162 FLACCI
1229 131 1294 173 [ιη.

279 207 380 239 sensit
397 217 471 239 cum
487 217 651 238 summam
668 206 847 249 patrimoni
864 205 1050 249 insculpere
1065 216 1147 239 saxo
1259 223 1296 248 90

279 259 417 291 heredes
433 258 580 291 voluit?’
604 259 714 301 quoad
732 258 823 297 vixit,
843 258 984 291 eredidit
1002 259 1118 301 ingens

279 312 469 353 pauperiem
486 311 603 342 vitium
621 315 653 343 et
671 310 757 342 cavit
775 310 857 342 nihll
873 310 991 348 acrius,
1012 315 1059 349 ut,
1079 309 1108 342 si

280 362 362 394 forte
379 363 485 394 minus
502 363 650 404 locuples
667 373 733 394 uno
750 362 935 405 quadrante
951 362 1102 404 perisset,

281 415 350 456 ipse
366 415 529 446 videretur
546 415 607 446 sibi
624 414 774 456 nequior.
823 414 932 446 omnis
949 414 1038 446 enim
1055 424 1117 452 res,

280 468 391 504 virtus,
411 466 508 504 sama,
530 467 639 504 decus,
660 466 773 497 divina
790 466 1002 509 humanaque
1019 465 1167 508 pulchris

281 519 403 551 divitiis
419 524 533 561 parent
552 531 559 556 ;
583 529 665 561 quas
681 519 737 561 qui
755 519 984 557 construxerit,
1004 518 1062 550 ille

281 571 386 602 clarus
403 571 472 609 erit,
494 570 596 610 sortis,
617 571 728 602 iustus.
779 573 788 586 ‘
801 571 977 612 sapiensne
989 571 1004 602 ?
1018 568 1025 582 ’
1041 569 1156 608 etiam,
1175 574 1208 602 et
1227 580 1284 601 rcx

281 631 312 655 et
329 623 485 666 quicquid
503 623 600 654 volet.
646 622 720 660 hoc,
740 622 842 654 veluti
860 623 980 654 virtute
996 626 1161 664 paratum,

282 675 424 717 speravit
441 685 578 716 magnae
595 674 684 705 laudi
704 674 782 706 sore.
831 674 912 716 quid
930 673 1038 706 simile
1054 673 1109 705 isti

284 728 428 759 Graecus
446 726 634 767 Aristippus
647 727 661 756 ?
683 726 739 767 qui
757 737 868 758 servos
884 726 1032 768 proicere
1047 735 1165 757 aurum
1252 740 1301 756 100

284 780 317 810 in
334 779 442 810 media
457 778 548 809 iussit
566 777 682 818 Libya,
703 778 780 819 quia
797 777 922 809 tardius
939 777 1025 809 irent

283 836 418 874 propter
433 840 517 861 onus
532 839 657 870 segnes,
706 835 777 860 uter
793 833 842 860 est
859 829 1006 860 insanior
1021 828 1142 860 horum
1152 829 1167 860 ?

284 883 330 914 nil
347 882 414 924 agit
431 881 620 923 exemplum
636 880 728 912 litem
745 881 833 922 quod
851 881 910 912 lite
927 880 1073 913 resolvit.

284 935 386 977 siquis
403 938 490 966 emat
507 933 657 971 citharas,
679 939 807 974 emptas
823 936 1012 974 comportet
1030 932 1064 963 in
1080 942 1199 971 unum,

283 997 346 1019 nec
361 986 470 1018 studio
487 985 630 1017 citharae
646 995 707 1016 nec
724 985 840 1016 Musae
856 983 989 1015 deditus
1005 983 1076 1023 ulli,

285 1039 312 1070 si
328 1037 457 1079 scalpra
473 1042 504 1068 et
522 1037 642 1068 formas
659 1046 725 1066 non
742 1041 844 1074 sutor,
863 1036 999 1068 nautica·
1012 1035 1088 1068 vela

285 1101 419 1123 aversus
435 1088 636 1126 mercaturis,
656 1087 779 1119 delirus
794 1091 827 1119 et
843 1098 958 1119 amens

285 1143 432 1184 undique
449 1141 576 1172 dicatur
593 1140 722 1171 merito.
767 1139 824 1181 qui
840 1140 1007 1181 discrepat
1022 1139 1095 1172 istis

286 1195 344 1237 qui
360 1203 513 1225 nummos
528 1202 709 1233 aurumque
726 1191 885 1230 recondit,
904 1191 1033 1223 nescius
1048 1191 1098 1223 uti

286 1245 479 1288 compositis
495 1249 710 1285 metuensque
727 1242 817 1274 velut
833 1243 1025 1284 contingere
1041 1253 1171 1275 sacrum
1183 1243 1198 1274 Ρ
1254 1257 1304 1274 110

287 1298 390 1341 siquis
405 1297 448 1328 ad
465 1296 635 1337 ingentem
652 1294 807 1326 frumenti
823 1305 954 1336 semper
969 1305 1126 1326 acervum

286 1354 456 1392 porrectus
472 1347 585 1389 vigilet
603 1357 678 1378 cum
695 1347 796 1388 longo
814 1346 906 1385 fuste,
929 1357 1037 1388 neque
1054 1346 1146 1378 illinc

287 1402 407 1434 audeat
424 1399 570 1432 esuriens
585 1399 740 1430 dominus
757 1398 949 1440 contingere
963 1408 1115 1440 granum,

287 1464 326 1485 ac
342 1453 452 1495 potius
467 1451 555 1483 foliis
571 1461 689 1492 parcus
704 1455 854 1481 vescatur
871 1449 991 1482 amaris
1007 1460 1018 1488 ;

287 1505 314 1538 si
331 1505 447 1547 positis
463 1504 550 1534 intus
567 1503 643 1534 Chii
660 1502 845 1544 veterisque
863 1501 996 1533 Falerni

287 1557 379 1588 mille
396 1556 496 1593 cadis,
516 1554 599 1586 nihil
617 1559 676 1592 est,
696 1559 879 1585 tercentum
895 1553 1042 1592 milibus,
1061 1563 1137 1584 acre

287 1612 380 1650 potet
395 1612 525 1639 acetum
541 1617 551 1645 ;
574 1617 645 1647 age,
666 1605 693 1637 si
709 1609 742 1636 et
758 1605 946 1636 stramentis
962 1604 1097 1636 incubet
1113 1604 1203 1636 unde

288 1659 459 1700 octoginta
473 1668 577 1689 annos
595 1663 702 1696 natus,
723 1657 775 1688 cui
792 1656 938 1698 stragula
953 1656 1068 1694 vestis,

287 1711 467 1742 blattarum
483 1721 520 1742 ac
537 1710 699 1741 tinearum
716 1709 844 1750 epulae,
865 1712 1032 1751 putrescat
1048 1707 1083 1738 in
1099 1718 1175 1739 arca
1189 1718 1198 1740 ε

288 1763 444 1794 nimirum
459 1762 593 1793 insanus
609 1761 722 1802 paucis
737 1760 897 1798 videatur,
918 1770 959 1792 eo
974 1758 1065 1801 quod
1250 1773 1301 1790 120

288 1815 434 1846 maxima
450 1824 524 1855 pars
540 1812 714 1844 hominum
729 1812 847 1843 morbo
862 1812 1003 1843 iactatur
1018 1810 1145 1843 eodem.

288 1865 375 1898 filius
391 1871 446 1897 aut
464 1865 564 1896 etiam
580 1864 662 1895 haec
677 1863 815 1894 libertus
830 1866 867 1894 ut
883 1862 995 1894 ebibat
1010 1861 1118 1901 heres,

289 1918 342 1950 dis
356 1917 489 1948 inimice
506 1926 616 1954 senex,
636 1914 781 1947 custodis
793 1915 808 1946 ?
829 1924 871 1946 ne
887 1913 949 1945 tibi
965 1912 1078 1945 desit?
