1410 2283
301 145 343 176 72

594 136 631 175 Q.
658 135 789 166 ΗΘΚΛ
799 135 849 166 T!
873 133 1047 166 FLAcc!
1264 133 1326 176 [w.

477 209 715 243 incontinentis
731 219 793 242 nec
809 208 902 252 Tityi
919 208 1011 242 ieeur

477 263 609 306 reliquit
627 262 706 302 ales,
725 262 894 305 nequitiae
909 261 1045 294 additus

521 321 632 348 custos
646 327 656 353 ;
680 320 864 347 amatorem
881 318 1050 346 trecentae

568 367 755 400 Pirithoum
770 366 930 401 cohibent
946 370 1097 400 catenae.
1296 373 1331 400 80

559 623 692 657 AELO
708 627 879 657 tonantem
897 623 1099 658 credidimus
1115 623 1234 657 Iovem

581 687 738 719 regnare:
765 687 922 719 praesens
936 677 1034 710 divus
1049 677 1230 710 habebitur

523 730 696 772 Augustus
711 730 850 761 adiectis
867 729 1037 762 Britannis

567 781 709 824 imperio
723 781 946 824 gravibusque
963 780 1082 814 Persis.

479 908 618 941 milesne
636 909 747 942 Crassi
764 909 906 952 coniuge
921 910 1065 942 barbara

477 964 583 1006 turpis
599 963 737 995 maritus
750 963 830 995 vixit
846 968 879 996 et
895 963 1089 995 hostium—

521 1026 584 1058 pro
599 1015 690 1047 curia
706 1014 894 1057 inversique
910 1025 1020 1047 mores
1035 1016 1089 1047 !—

565 1067 739 1100 consenuit
754 1077 942 1099 socerorum
960 1067 993 1099 in
1009 1066 1111 1100 armis

478 1196 540 1228 sub
556 1205 633 1237 rege
651 1194 756 1227 Medo
774 1194 906 1227 Marsus
921 1198 955 1227 et
971 1193 1115 1238 Apulus,

478 1248 676 1281 anciliorum
692 1252 724 1280 et
741 1247 888 1280 nominis
903 1252 936 1280 et
953 1251 1052 1290 togae
1297 1262 1330 1281 ιο

519 1301 645 1334 oblitus
661 1305 882 1343 aeternaeque
898 1299 1034 1339 Vestae,

564 1350 724 1383 incolumi
742 1351 824 1383 Iove
841 1354 873 1383 et
889 1350 971 1384 urbe
988 1350 1124 1384 Roma?

474 1478 540 1510 hoc
555 1483 686 1511 caverat
702 1489 798 1511 mens
815 1478 955 1521 provida
968 1477 1093 1522 Reguli

475 1531 704 1563 dissentientis
720 1531 976 1563 condicionibus

517 1583 625 1616 foedis
641 1587 674 1615 et
691 1583 847 1625 exemplo
862 1582 1027 1615 trahentis

560 1635 742 1677 perniciem
758 1635 896 1668 veniens
911 1634 945 1667 in
961 1644 1093 1675 aevum,

474 1763 501 1795 si
518 1773 586 1795 non
601 1764 721 1806 periret
738 1763 986 1796 immiserabilis

472 1816 606 1858 captiva
620 1816 737 1858 pubes.
788 1816 902 1858 ‘signa
917 1826 982 1858 ego
999 1814 1134 1848 Punicis

516 1867 627 1899 adfixa
643 1867 791 1900 delubris
807 1872 840 1900 et
856 1878 950 1900 arma

559 1919 722 1952 militibus
737 1920 809 1953 sine
825 1920 930 1953 caede
940 1917 948 1933 ’
964 1919 1049 1952 dixit
