1458 2315
99 147 156 189 IL]
359 149 418 179 SA
428 149 662 180 TIRARUM
685 149 829 180 LIBER
856 149 884 180 I.
1091 150 1148 188 165

98 236 202 269 quam
219 225 300 258 satis
317 230 378 265 est,
398 226 522 268 pugnis
539 236 656 258 caesus
673 226 828 269 ferroque
844 226 980 268 petitus,

98 279 255 311 exclusus
272 278 352 318 fore,
374 290 452 311 cum
471 280 692 322 Longarenus
708 279 793 312 foret
811 279 911 312 intus.

99 331 178 364 huic
195 332 223 364 si
239 332 388 365 mutonis
405 333 515 365 verbis
532 333 621 364 mala
638 338 735 364 tanta
749 333 878 364 videnti

99 386 228 418 diceret
244 385 328 418 haec
345 386 479 418 animus
500 387 509 401 ‘
521 386 604 428 quid
624 386 672 419 vis
689 386 776 417 tibi?
798 385 963 428 numquid
982 396 1045 427 ego
1062 396 1082 417 a
1099 389 1132 416 te

99 449 226 481 magno
243 445 449 481 prognatum
464 439 614 481 deposco
631 438 770 471 consule
787 449 938 470 cunnum
1115 453 1149 476 70

101 491 318 534 velatumque
334 492 432 531 stola,
452 503 528 524 mea
545 503 623 524 cum
640 492 832 524 conferbuit
846 492 896 523 ira
908 493 922 523 ?
933 490 940 503 ’

98 544 184 587 quid
199 545 446 588 responderet?
474 546 482 561 ‘
493 556 618 587 magno
634 550 730 587 patre
746 550 826 576 nata
842 544 957 587 puella
974 544 1050 577 est)

99 604 136 630 at
152 603 282 641 quanto
298 597 442 630 meliora
458 604 573 630 monet
591 598 844 641 pugnantiaque
863 598 934 630 istis

99 651 196 683 dives
212 651 287 693 opis
303 656 424 683 natura
440 661 530 690 suae,
548 656 584 683 tu
601 651 628 683 si
645 651 750 683 modo
768 656 856 683 recte

99 704 297 746 dispensare
313 703 397 736 velis
414 714 452 736 ac
469 715 538 735 non
556 703 715 746 fugienda
732 704 888 746 petendis

101 757 304 789 immiscere.
349 761 408 789 tuo
424 757 507 789 vitio
524 767 679 789 rerumne
696 757 830 789 labores

100 809 150 841 nil
165 809 289 842 referre
304 814 403 851 putas
415 810 430 841 ἲ
453 820 567 852 quare,
589 820 632 842 ne
648 810 820 852 paeniteat
838 815 882 850 te,

100 862 220 895 desine
234 851 409 894 snatronas
427 862 596 902 sectarier,
616 863 707 895 unde
724 863 850 895 laboris

101 916 179 959 plus
194 915 328 948 haurire
344 915 427 947 mali
444 920 493 948 est
511 927 614 959 quam
631 927 671 948 ex
687 927 722 948 re
739 916 920 959 decerpere
936 915 1072 949 fructus.

100 980 165 1002 nec
180 969 289 1011 magis
304 968 394 1008 huic,
414 969 503 1001 inter
518 970 637 1002 niveos
653 969 845 1012 viridesque
861 969 998 1012 lapillos
1117 976 1151 1001 80

99 1022 144 1054 sit
160 1021 250 1061 licet,
267 1021 343 1061 hoc,
365 1022 539 1062 Cerinthe,
561 1027 619 1054 tuo
637 1027 791 1054 tenerum
807 1028 858 1055 est
874 1023 983 1055 femur
999 1027 1056 1054 aut
1074 1033 1150 1054 crus

98 1075 225 1108 rectius
238 1086 248 1114 ;
273 1080 374 1118 atque
391 1075 494 1107 etiam
510 1076 632 1108 melius
649 1087 812 1118 persaepe
829 1081 965 1118 togatae
984 1081 1045 1108 est.

102 1128 191 1160 adde
207 1127 273 1159 huc
291 1128 383 1170 quod
401 1139 547 1160 mercem
565 1128 636 1160 sine
654 1129 739 1160 fucis
755 1134 886 1170 gestat3
913 1134 1029 1171 aperte

100 1181 196 1223 quod
211 1180 330 1212 venale
345 1181 447 1213 habet
464 1181 622 1219 ostendit,
642 1192 705 1213 nec
722 1182 834 1223 siquid
849 1181 983 1214 honesti
999 1186 1049 1213 est

102 1234 206 1266 iactat
222 1233 392 1275 habetque
408 1233 532 1276 palam,
555 1234 684 1276 quaerit
701 1244 769 1276 quo
785 1234 897 1276 turpia
914 1234 1010 1266 celet.

103 1287 240 1329 regibus
255 1286 311 1318 hic
328 1297 401 1317 mos
417 1291 478 1325 est,
498 1286 558 1318 ubi
575 1296 680 1329 equos
697 1292 889 1318 mercantur
904 1299 912 1319 ι
937 1293 1073 1330 opertos

104 1339 298 1382 inspiciunt,
319 1350 362 1371 ne
380 1339 407 1370 si
425 1338 538 1378 facies,
561 1344 596 1370 ut
613 1349 725 1381 saepe,
746 1339 870 1371 decora

102 1393 200 1425 molli
217 1392 302 1425 fulta
319 1392 407 1435 pede
422 1397 483 1430 est,
505 1396 695 1434 emptorem
713 1392 850 1424 inducat
867 1392 1029 1432 hiantem,

101 1446 197 1488 quod
213 1445 352 1488 pulcrae
369 1445 495 1483 clunes,
515 1445 618 1476 breve
635 1445 727 1487 quod
743 1450 855 1488 caput,
877 1446 982 1478 ardua
1000 1445 1123 1479 cervix.

103 1499 170 1532 hoc
187 1498 236 1530 illi
254 1504 345 1531 recte
363 1510 370 1530 :
395 1509 437 1530 ne
455 1498 605 1540 corporis
622 1498 752 1540 optima
769 1498 897 1540 Lyncei
1117 1514 1152 1539 90

103 1551 334 1594 contemplere
352 1551 468 1589 oculis,
493 1551 656 1593 Hypsaea
673 1551 804 1583 caecior
820 1551 878 1583 illa

104 1615 193 1647 quae
209 1605 301 1637 mala
317 1610 394 1637 sunt
414 1609 555 1647 spectes.
612 1605 648 1636 ‘o
666 1614 750 1642 cruS,
767 1615 788 1636 o
804 1604 962 1636 bracchia
977 1606 984 1636 Σ
998 1603 1005 1617 ’
1034 1616 1150 1637 vemm

103 1657 259 1700 depugis‚
279 1663 410 1696 nasuta,
430 1657 524 1689 brevi
541 1657 647 1689 latere
663 1668 701 1690 ac
719 1657 806 1699 pede
823 1657 925 1700 longo
943 1663 1002 1690 est.

105 1715 281 1743 matronae
298 1716 431 1753 praeter
447 1709 568 1742 faciem
586 1710 634 1742 nil
651 1721 786 1742 cernere
804 1711 924 1753 possis,

107 1767 228 1802 cetera,
250 1763 285 1795 ni
303 1763 404 1796 Catia
420 1768 480 1802 est,
502 1763 649 1795 demissa
665 1769 758 1796 veste
776 1763 928 1805 tegentis.

107 1815 135 1848 si
152 1816 330 1849 interdieta
347 1822 452 1859 peteS,
474 1815 565 1848 vallo
582 1816 789 1848 circumdata
809 1817 900 1854 (narn
919 1821 951 1849 te

107 1867 173 1902 hoc
191 1869 268 1901 facit
286 1870 467 1908 insanum),
490 1869 616 1901 multae
635 1869 696 1901 tibi
714 1875 784 1901 tum
802 1869 949 1903 officient
967 1881 1029 1909 res,

108 1922 276 1962 custodes,
297 1923 427 1961 lectica,
448 1922 634 1960 ciniflones,
656 1923 835 1965 pmasitae,

109 1973 154 2006 ad
171 1974 257 2008 talos
274 1975 360 2008 stola
377 1975 524 2008 demissa
541 1980 573 2008 et
591 1975 798 2008 circumdata
815 1975 917 2019 palla,
