1458 2315
76 135 159 177 κη]

345 133 624 165 CARMINUM
646 133 792 163 LIBER
811 132 848 165 I.
1082 136 1120 170 15

211 216 283 244 arte
299 215 454 244 materna
469 210 608 254 rapidos
624 213 817 242 morantem

211 265 394 298 fluminum
409 264 524 308 lapsus
538 263 732 306 celeresque
750 268 880 302 ventos,
1092 278 1124 295 10

213 318 379 356 blandum
395 322 428 351 et
445 317 570 350 auritas
587 317 713 349 fidibus
729 315 864 349 cancris

395 370 519 404 ducere
535 379 689 413 quercus.

216 477 300 520 quid
317 477 412 520 prius
427 476 543 509 dicam
560 475 668 508 solitis
685 474 843 515 Parentis

214 530 384 570 laudibus,
405 529 464 574 qui
484 540 538 562 res
555 528 734 561 hominum
751 539 791 561 ac
807 528 962 569 deorum,

215 584 275 627 qui
290 595 383 617 mare
399 594 439 617 ac
452 588 558 616 terras
574 583 744 625 variisque
763 582 929 615 mundum

396 641 564 680 temperat
580 636 699 669 horis?

215 742 306 776 unde
322 741 372 774 nil
387 741 497 774 maius
513 745 695 785 generatur
712 740 788 784 ipso

214 807 279 830 nec
295 796 386 839 viget
403 795 588 838 quicquam
604 795 714 827 simile
731 799 789 828 aut
807 794 992 829 secundum
1012 807 1021 828 :

215 850 389 894 proximos
404 849 456 882 illi
473 854 587 882 tamen
600 850 780 893 occupavit

397 903 512 936 Pallas
528 903 685 936 honores.
1096 919 1130 936 20

217 1007 357 1052 proeliis
374 1006 486 1040 audax
502 1018 613 1050 neque
630 1012 664 1041 te
680 1008 791 1042 silebo

217 1062 334 1102 Liber,
354 1066 389 1094 et
405 1061 515 1095 saevis
530 1061 671 1096 inimica
686 1063 782 1105 virgo

217 1116 340 1157 beluis,
362 1128 427 1151 nec
442 1122 487 1157 te,
508 1115 690 1149 metuende
707 1123 800 1148 certa

401 1169 540 1202 Phoebe
558 1169 693 1212 sagitta.

222 1274 336 1308 dicam
353 1278 386 1308 et
402 1273 551 1307 Alciden
568 1284 758 1316 puerosque
775 1274 904 1314 Ledae,

220 1327 313 1360 hunc
329 1327 435 1370 equis,
457 1326 555 1359 illum
572 1337 731 1369 superare
747 1327 871 1370 pugnis

222 1380 377 1415 nobilem
393 1393 404 1422 ;
426 1391 571 1424 quorum
585 1379 684 1412 simul
701 1380 779 1412 alba
792 1380 902 1413 nautis

404 1434 504 1467 stella
520 1433 660 1473 refulsit,

224 1539 345 1573 defluit
360 1540 449 1573 saxis
466 1539 613 1582 agitatus
630 1551 738 1580 umor,

224 1594 409 1626 concidunt
422 1594 514 1626 venti
532 1593 735 1636 fugiuntque
753 1593 872 1633 nubes,
1106 1610 1139 1634 30

226 1651 259 1679 et
275 1647 401 1686 minax,
422 1647 516 1690 quod
532 1647 580 1679 sic
599 1647 743 1685 voluere,
765 1652 873 1689 ponto

406 1701 499 1733 unda
516 1700 694 1733 recumbit.

229 1804 417 1838 Romulum
432 1809 511 1848 post
521 1804 585 1837 hos
602 1805 694 1848 prius
711 1817 754 1838 an
771 1805 925 1849 quietum

230 1858 382 1902 Pompili
397 1869 540 1901 regnum
555 1869 742 1891 memorem
759 1870 802 1891 an
819 1859 983 1902 superbos

230 1911 397 1956 Tarquini
414 1911 524 1951 fascis,
548 1912 678 1951 dubito,
700 1922 742 1944 an
761 1912 902 1945 Catonis

412 1965 527 1998 nobile
546 1965 662 1998 letum.
