1410 2283
280 109 337 139 208
566 108 602 145 Q.
633 106 764 137 HORA
773 105 824 137 TI
846 105 935 136 FLA
941 106 1018 137 CCI
1231 103 1299 146 [ΠΙ.

284 185 292 200 ⁸
304 182 467 226 Iuppiter,
489 181 632 224 ingentis
648 181 704 225 qui
721 181 782 214 das
797 180 982 224 adimisque
998 178 1151 214 dolores’

279 241 384 268 mater
401 235 445 266 ait
463 235 555 277 pueri
570 234 692 267 mensis
708 234 775 266 iam
792 233 939 276 quinque
955 233 1119 273 cubantis,

283 289 292 303 ‘
306 287 425 329 frigida
442 287 467 318 si
486 296 625 328 puerum
642 284 1003 328 quartana-reliquerit,
1023 284 1084 317 illo
1255 298 1305 324 290

279 350 377 370 mane
394 338 447 369 die
464 349 532 380 quo
549 343 583 369 tu
602 337 720 369 indicis
737 337 860 370 ieiunia
876 336 986 368 nudus

281 392 312 423 in
330 391 444 422 Tiberi
462 389 588 422 stabit)
635 401 731 422 casus
748 390 938 422 medicusve
953 388 1073 422 levarit

279 454 415 486 aegrum
433 454 473 475 ex
490 442 674 485 praecipiti,
697 448 802 474 mater
819 441 924 474 delira
940 441 1073 474 necabit

280 497 313 527 in
329 496 442 537 gelida
460 495 560 527 fixum
580 495 651 537 ripa
670 494 857 537 febrimque
874 494 1017 526 reducet.

280 559 389 591 quone
406 547 497 579 malo
514 553 659 579 mentem
676 556 836 579 concussa
847 547 862 578 ἲ
885 546 1005 578 timore
1019 543 1193 578 deorum.”

279 601 361 632 hacc
378 600 460 632 mihi
479 599 668 638 Stertinius,
688 598 879 641 sapientum
894 604 1043 637 octavus,
1063 596 1173 630 amico

280 664 371 685 arma
387 653 491 690 dedit,
512 651 652 694 posthac
668 661 710 683 ne
726 650 945 693 compellaret
959 649 1096 682 inultus.
1400 647 1410 671 ¹

280 705 399 737 dixerit
418 705 571 736 insanum
588 703 645 745 qui
663 713 726 741 me,
748 702 888 734 totidem
905 701 1019 734 audiet
1037 705 1138 744 atque
1399 676 1410 802 1

1400 846 1410 918 Ξ

1389 966 1410 978 ἢ

280 757 442 799 respicere
460 756 575 797 ignoto
590 756 695 786 discet
713 754 894 796 pendentia
911 751 1030 796 tergo.’

284 810 405 848 Stoice,
426 813 502 851 post
517 808 677 838 damnum
695 806 742 838 sic
758 805 884 838 vendas
901 805 1016 838 omnia
1031 804 1146 848 pluris,
1255 817 1306 842 300

281 872 347 904 qua
362 871 417 892 me
433 859 584 897 stultitia,
605 859 764 901 quoniam
780 868 849 889 non
865 862 914 890 est
931 868 1036 900 genus
1051 867 1168 895 unum,

283 914 427 946 insanire
443 913 568 955 putas?
591 922 655 953 ego
672 921 750 942 nam
767 910 883 943 videor
899 910 982 942 mihi
999 920 1109 942 sanus.

287 969 295 983 ⁸
308 966 388 1009 quid
402 967 417 997 ?
439 970 539 1006 caput
556 963 738 995 abscissum
756 963 910 995 manibus
927 973 1004 995 cum
1021 965 1131 1004 portat
1149 961 1267 1003 Agaue

283 1018 374 1061 gnati
393 1017 543 1054 infelicis,
563 1016 626 1047 sibi
643 1020 714 1047 tum
731 1014 854 1046 furiosa
868 1012 1042 1046 videtur?

283 1070 421 1103 stultum
438 1080 491 1101 me
511 1066 758 1100 fateor—liceat
775 1066 957 1099 concedere
974 1065 1106 1098 veris—
1395 1053 1410 1131 ἰ

284 1129 384 1165 atque
401 1122 501 1154 etiam
519 1121 670 1151 insanum
686 1131 693 1151 :
717 1123 847 1150 tantum
863 1118 927 1150 hoc
943 1117 1097 1156 edissere,
1118 1127 1185 1160 quo
1199 1126 1254 1148 me

285 1180 456 1217 aegrotare
473 1178 569 1215 putes
586 1171 689 1203 animi
706 1170 799 1203 vitio.
849 1171 858 1186 ‘
871 1169 996 1212 accipe.
1046 1169 1193 1212 primum

285 1226 452 1263 aedificas,
472 1225 535 1256 hoc
552 1230 600 1256 est
617 1223 736 1265 longos
752 1222 902 1261 imitaris,
922 1222 966 1254 ab
982 1222 1051 1254 imo

285 1279 328 1311 ad
345 1288 509 1310 summum
527 1282 615 1308 totus
631 1274 758 1307 moduli
774 1274 953 1316 bipedalis:
977 1279 1010 1306 et
1026 1273 1116 1306 idem

286 1341 424 1372 corpore
441 1329 600 1361 maiorem
617 1327 705 1359 rides
721 1325 889 1358 Turbonis
905 1326 939 1357 in
955 1325 1056 1358 armis
1258 1338 1310 1364 310

286 1383 439 1426 spiritum
456 1386 488 1413 et
504 1381 680 1412 incessum:
706 1378 763 1421 qui
780 1377 938 1410 ridiculus
953 1378 1063 1410 minus
1079 1377 1138 1409 illo
1149 1378 1165 1410 i·

287 1446 330 1466 an
347 1434 579 1476 quodcumque
597 1431 675 1463 facit
691 1430 882 1468 Maecenas,
902 1434 936 1462 te
952 1440 1086 1472 quoque
1101 1439 1217 1462 verum
1233 1432 1293 1466 est,

287 1492 416 1520 tantum
432 1483 640 1518 dissimilem,
656 1488 688 1515 et
705 1486 799 1514 tanto
814 1486 940 1515 certare
956 1481 1146 1514 minorem?

288 1538 435 1570 absentis
451 1546 550 1568 ranae
568 1534 668 1577 pullis
684 1533 779 1566 vituli
796 1534 883 1576 pede
898 1533 1030 1576 pressis,

288 1600 373 1622 unus
389 1589 446 1620 ubi
462 1587 588 1629 effugit,
609 1586 706 1618 matri
723 1586 880 1618 denarrat
895 1589 932 1617 ut
948 1585 1067 1627 ingens

289 1641 388 1674 belua
403 1644 562 1682 cognatos
578 1638 709 1670 eliserit.
760 1637 819 1669 illa
834 1647 952 1680 rogare

290 1698 469 1735 quantane,
491 1692 499 1707 ‘
510 1701 589 1723 num
606 1687 762 1728 tantum,'
779 1688 913 1722 sufflans
928 1699 974 1728 se,
999 1688 1140 1730 ‘magna
1155 1685 1293 1728 suisset)

295 1747 304 1761 ‘
314 1744 420 1781 maior
435 1740 602 1775 dimidio)
653 1742 751 1773 ‘num
769 1739 942 1773 tantum?’
959 1750 1034 1772 cum
1050 1740 1157 1783 magis
1172 1744 1273 1783 atque

292 1807 328 1828 se
342 1795 448 1837 magis
465 1794 602 1833 inflaret,
628 1794 726 1832 ‘n0n,
746 1793 774 1826 si
791 1799 822 1825 te
838 1791 966 1834 ruperis
977 1790 985 1806 '
1001 1791 1121 1834 inquit,

297 1849 306 1863 ⁶
317 1857 377 1889 par
392 1845 480 1879 eris.’
526 1846 608 1878 haee
624 1856 644 1878 a
660 1849 692 1878 te
708 1855 776 1876 non
792 1843 934 1878 multum
950 1843 1079 1876 abludit
1095 1844 1218 1886 imago.
1259 1855 1312 1882 320

294 1899 380 1930 adde
395 1902 550 1940 poemata
565 1907 663 1944 nunc,
681 1896 746 1930 hoc
761 1902 821 1943 est,
841 1895 952 1939 oleum
968 1895 1056 1939 adde
1070 1895 1222 1938 camino:
