1410 2283
290 149 349 188 276
423 149 459 187 Q.
491 148 679 178 HORATI
703 146 872 177 FLACCI
895 146 1011 177 EPIS.
1044 145 1080 176 L.
1111 146 1157 178 II.
1250 144 1300 186 [Π.

289 223 350 256 scit
368 223 504 261 Genius,
525 222 636 254 natale
654 231 765 254 comes
781 221 838 263 qui
855 224 1017 263 temperat
1033 223 1170 260 astrum,

289 281 425 307 naturae
441 275 523 307 deus
539 275 714 312 humanae,
735 273 884 304 mortalis
900 273 934 303 in
950 282 1053 304 unum

289 327 445 368 quodque
461 330 570 368 caput,
590 325 683 357 voltu
700 324 877 363 mutabilis,
899 324 994 355 albus
1010 329 1043 356 et
1058 328 1138 356 ater.

288 384 362 409 utar
377 383 407 410 et
426 389 466 409 ex
482 378 614 409 modico
631 382 791 418 quantum
808 387 859 408 res
876 380 991 417 poscet
1007 386 1128 407 acervo
1258 388 1308 414 190

289 430 415 467 tollam,
436 440 496 461 nee
514 435 659 460 metuam
676 428 756 470 quid
773 428 814 459 de
831 438 884 460 me
902 427 1024 459 iudicet
1040 427 1146 465 heres,

288 481 379 523 quod
395 492 461 512 non
478 481 572 523 plura
588 480 674 512 datis
692 479 852 511 invenerit
868 491 876 518 ;
902 483 934 510 et
951 483 1062 510 tamen
1079 479 1169 510 idem

288 533 370 564 scire
387 533 506 570 volam,
528 537 689 574 quantum
706 531 846 573 simplex
862 531 1042 572 hilarisque
1060 530 1174 573 nepoti

287 585 461 626 discrepet,
483 589 515 616 et
532 589 693 626 quantum
710 583 876 615 discordet
893 593 1010 625 parcus
1027 593 1136 614 avaro.

287 637 387 668 distat
404 636 503 674 enim,
525 646 658 678 spargas
676 640 732 667 tua
753 635 920 677 prodigus,
943 645 985 666 an
1006 644 1116 676 neque
1139 637 1308 676 sumptum

288 688 411 719 invitus
427 687 527 719 facias
544 698 650 729 neque
667 687 762 729 plura
778 697 893 728 parare
910 687 1050 725 labores,

287 750 326 771 ac
343 739 461 781 potius,
482 750 564 781 puer
580 746 615 770 ut
632 738 721 770 sestis
739 738 1004 779 Quinquatribus
1021 737 1116 776 olim,

287 791 408 832 exiguo
423 796 583 832 gratoque
601 790 716 821 fruaris
733 794 882 831 tempore
898 789 1031 830 raptim.

288 843 462 885 pauperies
478 842 651 873 immunda
667 841 810 881 †domus
828 841 942 882 procul
959 840 1045 872 absit
1059 852 1066 872 :
1090 850 1153 882 ego
1169 844 1278 872 utrum

287 904 371 926 nave
388 894 472 926 ferar
487 904 607 935 magna
624 903 666 924 an
682 903 794 934 parva,
816 892 899 924 ferar
916 902 999 924 unus
1016 896 1048 924 et
1067 892 1168 925 idern.
1259 906 1311 924 200

287 956 354 977 non
373 946 500 987 agimur
518 945 652 976 tumidis
670 944 752 976 velis
769 944 942 986 Aquilone
959 944 1118 982 secundo,

288 1008 356 1029 non
374 1002 484 1029 tamen
502 997 647 1028 adversis
664 1001 807 1028 aetatem
825 996 978 1028 ducimus
994 995 1150 1034 Austris;

288 1049 423 1087 viribus,
444 1049 588 1089 ingenio,
610 1048 729 1090 specie,
751 1048 882 1086 virtute,
904 1047 1046 1086 loco‚‘re

288 1101 425 1132 extremi
442 1100 635 1142 primorum,
655 1099 810 1132 extremis
827 1109 931 1141 usque
950 1098 1086 1141 priores.

288 1163 356 1184 non
373 1163 407 1184 es
424 1162 559 1184 avarus:
583 1152 648 1183 abi.
699 1151 804 1193 quid?
827 1156 936 1183 cetera
954 1151 1020 1182 iam
1039 1149 1137 1183 simul
1154 1149 1218 1182 isto

289 1215 364 1236 cum
380 1204 461 1235 vitio
478 1204 590 1245 fugere
601 1204 616 1235 ?
638 1208 726 1235 caret
743 1203 803 1234 tibi
821 1207 937 1245 pectus
956 1201 1047 1234 inani

289 1256 495 1288 ambitione?
518 1259 606 1287 caret
623 1254 738 1286 mortis
755 1254 930 1286 formidine
949 1259 981 1286 et
997 1254 1071 1286 ira?

288 1308 426 1345 somnia,
447 1312 586 1339 terrores
603 1307 760 1347 magicos,
781 1306 950 1344 miracula,
974 1316 1081 1347 sagas,

288 1366 468 1391 nocturnos
484 1359 625 1391 lemures
643 1363 861 1400 portentaque
880 1357 1043 1389 Thessala
1061 1357 1173 1390 rides?

288 1411 408 1442 natalis
424 1417 516 1452 grate
533 1412 710 1442 numeras?
733 1409 876 1451 ignoscis
895 1409 1033 1441 amicis?
1262 1423 1313 1440 210

288 1463 393 1494 lenior
409 1467 442 1494 et
458 1462 575 1494 melior
593 1461 632 1493 fis
650 1462 828 1493 accedente
847 1462 1004 1493 senecta?

289 1515 369 1556 quid
384 1519 416 1546 te
433 1518 587 1555 exempta
604 1514 693 1544 iuvat
713 1513 816 1555 spinis
833 1513 876 1545 de
893 1512 1044 1555 pluribus
1060 1512 1150 1544 una?

288 1567 400 1597 vivere
417 1565 443 1597 si
460 1570 547 1597 recte
564 1565 680 1603 nescis,
703 1565 827 1596 decede
845 1565 971 1606 peritis.

289 1617 395 1649 lusisti
413 1616 502 1655 satis,
523 1616 620 1648 edisti
638 1616 717 1648 satis
735 1621 834 1658 atque
850 1615 984 1648 bibisti:

291 1674 422 1710 tempus
439 1668 529 1700 abire
546 1668 606 1700 tibi
624 1673 683 1706 est,
703 1678 746 1700 ne
761 1672 878 1710 potum
894 1666 1016 1709 largius
1033 1676 1140 1709 aequo

290 1720 396 1753 rideat
412 1724 444 1753 et
460 1720 570 1763 pulset
587 1719 711 1752 lasciva
728 1719 900 1752 decentius
916 1723 1017 1752 aetas.
