1410 2283
250 123 290 154 32
543 110 578 147 ρ.
611 106 741 138 Hom
752 106 800 136 T!
825 104 996 136 nac-ct
1157 102 1275 146 [xxxi.

264 327 398 362 XXXI.
528 325 618 358 UID
634 324 825 357 dedicatum
842 322 949 366 poscit
966 321 1163 366 Apollinem

547 378 666 410 vates?
689 377 771 419 quid
788 381 860 408 orat
877 376 919 408 de
935 380 1053 418 patera
1070 383 1197 408 novum

473 429 616 462 fundens
632 429 795 472 liquorem
809 429 824 461 Ρ
847 438 914 460 non
930 427 1064 470 opimae

517 482 693 514 Sardiniae
708 487 837 524 segetes
855 480 979 513 feraces

430 590 497 611 non
515 584 687 611 aestuosae
705 583 799 621 grata
816 577 994 610 Calabriae

428 637 590 669 armenta,
611 641 678 663 non
695 641 811 662 aurum
828 636 883 662 aut
901 631 983 663 ebur
1000 629 1166 670 Indicum,

474 694 541 716 non
559 693 633 715 rura
649 693 734 724 quac
754 683 839 714 Liris
851 682 965 724 quieta

517 735 646 768 mordet
665 745 752 777 aqua
769 734 952 767 taciturnus
969 734 1086 767 amnis.

430 843 584 882 premant
602 838 729 870 Calena
747 837 829 870 falce
847 837 967 881 quibus
983 837 1078 870 dedit

431 892 580 924 Fortuna
597 891 708 928 vitem,
729 890 822 922 dives
837 896 870 922 et
886 890 995 923 aureis
1252 903 1284 921 ιο

474 949 638 975 mercator
654 943 795 974 exsiccet
812 942 946 974 culullis

518 995 598 1027 vina
615 995 698 1037 Syra
716 1000 868 1037 reparata
884 1004 1004 1033 merce,

430 1098 483 1130 dis
498 1107 594 1130 carus
612 1097 701 1139 ipsis,
722 1097 849 1139 quippe
865 1101 915 1129 ter
930 1100 963 1129 et
975 1100 1092 1139 quater

430 1160 520 1183 anno
536 1150 682 1182 revisens
698 1159 823 1191 aequor
840 1149 1050 1182 Atlanticum

477 1202 615 1244 impune
633 1213 640 1232 ε
665 1211 719 1233 me
736 1205 875 1243 pascunt
892 1200 1014 1239 olivae,

518 1265 573 1286 me
589 1253 743 1286 cichorea
760 1253 915 1296 levesque
932 1252 1074 1286 malvae.

430 1357 494 1390 frui
511 1357 635 1400 paratis
652 1361 684 1389 et
702 1356 815 1388 valido
832 1356 926 1395 mihi,

431 1410 549 1449 Lame,
569 1410 674 1442 dones
687 1414 729 1447 et,
751 1419 879 1451 precor,
900 1408 1031 1451 integra

473 1472 551 1495 cum
569 1466 691 1499 mente,
711 1471 772 1493 nec
790 1466 920 1503 turpem
939 1462 1110 1493 senectam

520 1514 640 1557 degere
658 1524 718 1547 nec
735 1513 864 1547 cithara
879 1516 1060 1546 carentem.
1250 1525 1284 1544 ω

256 1736 416 1770 XXXII.
529 1735 765 1770 OSCIMUR.
816 1733 925 1778 siquid
942 1733 1039 1767 vacui
1054 1732 1118 1767 sub
1131 1731 1253 1766 umbra

549 1788 688 1821 lusimus
704 1792 826 1826 tecum,
845 1786 938 1830 quod
953 1790 987 1819 et
1001 1785 1091 1820 hunc
1106 1785 1143 1818 in
1156 1793 1283 1818 annum

434 1841 524 1873 vivat
539 1845 573 1874 et
589 1840 703 1883 pluris,
724 1850 786 1882 age
801 1839 856 1872 dic
873 1838 1044 1878 Latinum,

609 1893 751 1932 barbite,
771 1901 916 1930 carmen,
