1458 2315
97 126 164 169 v1.]
340 128 399 159 SA
409 128 643 159 TJRARUM
664 129 810 159 LIBER
838 129 885 159 Η.
1082 137 1141 168 215

98 204 266 248 oppositis
282 204 407 237 umeris
421 217 430 245 ;
455 215 570 237 aurem
591 205 782 248 substringe
799 205 945 248 loquaci.

97 257 312 301 importunus
327 264 419 290 amat
435 258 565 290 laudari
579 270 587 290 ε
611 258 720 291 donec
741 261 750 275 ‘
762 259 826 292 ohe
844 259 913 291 iam
930 258 958 292 !'

98 311 143 343 ad
158 310 291 344 caelum
307 311 463 343 manibus
480 311 620 343 sublatis
636 311 769 350 dixerit,
791 322 895 355 urgue
913 324 922 352 ;

98 369 306 398 crescentem
322 364 461 396 tumidis
477 364 559 396 infla
576 365 787 397 sermonibus
804 371 924 398 utrem.

99 428 177 449 cum
194 421 227 449 te
244 417 383 450 servitio
398 416 502 460 longo
520 428 667 460 curaque
684 417 814 457 levarit,

99 475 132 502 et
149 475 278 502 certum
294 469 449 513 vigilans,
477 473 487 486 ‘
500 470 650 512 Quartae
669 471 711 503 sit
728 472 832 514 partis
851 471 971 505 Ulixes
986 469 993 484 ’
1094 486 1144 503 100

104 523 270 555 ‘audieris
284 522 292 536 '
308 523 406 555 heres
421 536 428 556 :
463 523 472 539 ‘
484 534 564 566 ergo
581 534 671 556 nunc
689 525 802 556 Dama
819 524 946 556 sodalis

99 587 267 619 nusquam
283 577 355 608 est?
377 576 468 608 unde
480 576 564 608 mihi
582 581 652 608 tam
665 577 787 609 fortem
802 582 939 619 tamque
957 576 1092 609 fidelem
1104 577 1119 609 Ρ
1131 575 1139 590 ’

100 639 222 672 sparge
239 629 384 661 subinde
401 633 434 661 et
451 629 480 661 si
495 629 648 672 paullum
667 635 764 672 potes
782 630 1005 669 illacrimare;
1030 634 1080 662 est

100 682 226 725 gaudia
241 682 444 725 prodentem
461 682 591 714 voltum
606 682 726 715 celare.
777 683 970 725 sepulcrum

100 735 302 778 permissum
318 735 458 767 arbitrio
474 735 546 767 sine
564 735 719 767 sordibus
737 741 889 767 exstrue:
913 735 1013 767 funus

99 787 235 830 egregie
251 788 378 820 factum
394 787 510 819 laudet
527 787 662 820 vicinia.
714 788 820 830 siquis

100 841 186 874 sorte
202 841 407 873 coheredum
423 841 536 873 senior
552 840 641 872 male
658 841 786 881 tussiet,
807 841 885 873 huie
904 845 939 873 tu

99 894 166 933 dic,
188 905 229 926 ex
245 898 341 937 parte
357 898 416 926 tua
432 904 490 926 seu
508 893 604 926 fundi
621 893 691 926 sive
708 894 830 926 domus
847 895 891 927 sit

99 952 245 990 emptor,
265 947 471 989 gaudentem
487 957 628 978 nummo
646 951 678 979 te
695 947 865 980 addicere.
917 947 974 980 sed
995 959 1049 980 me

100 1000 282 1044 imperiosa
299 999 402 1032 trahit
422 999 645 1042 Proserpina:
670 1001 746 1034 vive
763 1001 916 1044 valeque.
1094 1016 1143 1034 110

102 1209 166 1243 VI.
304 1208 368 1242 OC
382 1211 451 1240 erat
464 1207 499 1239 in
509 1208 596 1240 votis
611 1220 617 1240 :
631 1208 752 1241 modus
763 1208 834 1251 agri
847 1219 915 1241 non
927 1208 974 1241 ita
984 1219 1138 1252 magnus,

325 1261 443 1293 hortus
459 1261 518 1293 ubi
535 1265 568 1293 et
586 1266 676 1293 tecto
695 1261 824 1294 vicinus
840 1262 926 1305 iugis
943 1273 1050 1305 aquae
1068 1263 1142 1296 fons

99 1321 134 1350 et
150 1316 302 1360 paullum
320 1315 425 1349 silvae
443 1325 544 1357 super
559 1314 612 1347 his
630 1315 724 1347 foret.
777 1316 906 1348 auctius
923 1321 1025 1358 atque

99 1370 135 1401 di
152 1369 273 1402 melius
290 1369 409 1402 fecere.
461 1368 549 1400 bene
565 1372 626 1400 est.
677 1368 725 1399 nil
743 1368 887 1411 amplius
905 1380 975 1409 oro,

100 1422 196 1455 Maia
212 1426 301 1462 nate,
322 1423 387 1455 nisi
404 1426 440 1454 ut
459 1421 595 1465 propria
613 1420 696 1453 haee
714 1421 798 1453 mihi
815 1432 956 1454 munera
971 1422 1066 1456 faxis.

99 1475 127 1508 si
143 1486 254 1519 neque
270 1476 433 1508 maiorem
452 1475 514 1507 feci
532 1474 663 1507 ratione
679 1473 769 1505 mala
786 1485 867 1513 rem,

99 1539 163 1561 nec
179 1539 253 1561 sum
271 1528 418 1560 facturus
435 1528 519 1560 vitio
537 1528 680 1570 culpave
696 1527 875 1567 minorem,

99 1581 128 1619 si
144 1592 285 1614 veneror
301 1581 422 1614 stultus
440 1581 525 1613 nihil
543 1581 676 1620 horum,
700 1582 708 1597 ‘
720 1591 741 1613 o
757 1580 784 1613 si
801 1580 944 1623 angulus
962 1581 1019 1614 ille

99 1635 272 1678 proximus
289 1634 439 1673 accedat,
461 1634 518 1676 qui
537 1644 625 1666 nunc
642 1634 821 1666 denormat
838 1634 986 1676 agellum
1002 1637 1009 1667 !

99 1698 121 1721 ο
138 1688 166 1721 si
182 1699 302 1720 urnam
319 1687 451 1730 argenti
469 1687 536 1720 sors
554 1698 641 1729 quae
657 1687 740 1719 mihi
760 1692 934 1727 monstret,
956 1693 991 1720 ut
1009 1688 1069 1729 illi,
1109 1704 1142 1721 10

100 1741 258 1774 thesauro
275 1741 414 1773 invento
431 1741 489 1783 qui
506 1741 757 1773 mercennarius
776 1751 894 1783 agrum

97 1794 193 1827 illum
210 1795 321 1838 ipsum
338 1799 505 1827 mercatus
520 1794 638 1833 aravit,
658 1794 753 1826 dives
769 1795 880 1827 amico

99 1847 250 1880 Hercule
261 1849 268 1880 1
278 1846 286 1860 '
311 1847 339 1879 si
352 1847 444 1890 quod
457 1846 551 1879 adest
563 1851 695 1889 gratum
710 1847 812 1886 iuvat,
830 1847 892 1880 hac
906 1859 1004 1891 prece
1019 1853 1051 1883 te
1065 1860 1135 1890 or0‚

98 1899 225 1943 pingue
241 1910 344 1944 pecus
361 1900 502 1933 domino
519 1899 622 1932 facias
639 1903 671 1932 et
689 1904 799 1932 cetera
816 1906 949 1943 praeter

98 1952 283 1995 ingenium,
304 1958 408 1997 utque
426 1953 514 1986 soles
527 1957 639 1986 custos
657 1953 741 1985 mihi
758 1954 925 1986 maximus
942 1954 1042 1988 adsis.
