1410 2283
264 124 320 153 194
541 115 577 153 Q.
610 114 741 145 HORA
750 114 801 145 T!
823 114 995 146 FLACCI
1241 115 1278 157 [1.

264 194 298 222 ut
315 200 382 232 quo
398 189 538 232 quisque
557 189 643 222 valet
661 194 833 232 suspectos
848 193 982 229 terreat,
1001 194 1104 233 utque
1249 205 1284 229 50

264 242 403 284 imperet
421 242 485 274 hoc
502 247 620 273 natura
636 247 766 284 potens,
784 242 831 274 sic
847 242 968 284 collige
984 252 1127 275 mecum.

264 294 364 326 (lente
382 294 489 336 lupus,
509 304 612 326 cornu
630 299 741 326 taurus
758 294 841 336 petit
857 305 867 333 ;
890 294 979 326 unde
995 294 1058 326 nisi
1074 294 1163 327 intus

266 352 486 378 monstratum
501 347 515 378 ?
554 347 702 378 Scaevae
718 340 868 378 vivacem
885 346 982 378 crede
999 346 1115 389 nepoti

265 404 405 430 matrem
421 409 429 436 ;
452 398 500 429 nil
518 398 613 430 saciet
631 397 763 430 sceleris
780 399 836 440 pia
852 398 989 430 dextera
1004 411 1011 431 :
1036 399 1169 437 mirum,
1193 425 1201 434 .

266 456 298 482 ut
317 461 424 492 neque
441 450 531 482 calce
550 450 647 492 lupus
664 460 867 493 quemquam
883 460 991 493 neque
1007 450 1107 484 dente
1122 450 1207 494 petit

395 502 456 534 bos
472 514 480 535 ε

265 554 322 586 sed
340 554 428 585 mala
445 554 538 586 tollet
556 564 657 586 anum
670 554 787 587 vitiato
804 554 903 587 melle
920 554 1038 587 cicuta.

265 617 305 638 nc
324 606 460 648 longum
478 606 597 638 faciam
612 619 622 645 ;
645 617 702 638 seu
719 617 773 639 me
791 607 970 648 tranquilla
985 610 1138 639 senectus

264 664 433 700 exspectat
450 669 506 691 seu
525 658 618 689 Mors
633 659 712 690 atris
728 659 945 691 circumvolat
960 658 1034 697 alis,

266 711 370 748 dives,
392 711 498 752 inops,
520 711 659 748 Romae,
680 721 738 742 seu
755 711 821 742 sors
838 711 884 742 ita
900 710 1040 750 iusserit,
1057 709 1160 749 exsul,

268 762 418 804 quisquis
430 762 492 794 erit
509 762 597 793 vitae
613 762 757 793 scribam
774 762 874 794 color.
926 763 934 778 ‘
948 773 968 794 o
983 772 1075 804 puer,
1095 767 1132 794 ut
1144 762 1188 795 sis
1252 768 1286 794 60

268 815 378 846 vitalis
394 819 518 852 metuo,
539 818 571 845 et
590 814 754 845 maiorum
771 814 888 856 nequis
904 814 1030 846 amicus

269 866 389 907 frigore
408 871 439 898 te
458 864 579 897 seriat.’
626 866 705 907 quid
721 867 735 896 P
757 875 832 897 cum
847 871 895 898 est
915 866 1062 898 Lucilius
1077 875 1176 898 ausus

267 919 394 960 primus
408 917 441 949 in
458 917 546 949 hunc
563 917 673 958 operis
687 928 890 960 componere
906 918 1054 950 carmina
1069 928 1209 956 morem,

268 969 441 1002 detrahere
457 974 489 1001 et
507 969 643 1011 pellem,
663 969 789 1001 nitidus
805 980 871 1012 qua
888 969 1028 1012 quisque
1044 980 1103 1012 per
1119 980 1178 1002 ora

268 1022 410 1060 cederet,
430 1021 609 1053 introrsum
626 1021 741 1063 turpis,
761 1031 842 1053 num
859 1021 992 1054 Laelius
1007 1027 1042 1054 et
1057 1022 1116 1064 qui

266 1074 360 1105 duxit
377 1074 420 1104 ab
436 1083 595 1114 oppressa
611 1073 766 1104 meritum
783 1073 986 1115 Carthagine
1001 1084 1126 1106 nomen

270 1126 404 1167 ingenio
417 1124 533 1157 offensi
549 1130 606 1156 aut
623 1125 713 1157 laeso
728 1124 865 1157 doluere
882 1125 1023 1158 Metello

270 1177 470 1219 famosisque
489 1177 587 1219 Lupo
604 1181 763 1219 cooperto
778 1177 952 1209 versibus?
974 1177 1068 1220 atqui

270 1230 431 1272 primores
447 1229 563 1272 populi
580 1229 718 1271 arripuit
733 1229 961 1272 populumque
976 1229 1137 1269 tributim,

268 1282 394 1314 scilicet
411 1282 467 1313 uni
485 1291 610 1323 aequus
627 1281 739 1313 virtuti
756 1287 855 1324 atque
871 1282 942 1314 eius
957 1281 1083 1314 amicis.
1255 1297 1288 1322 70

268 1334 350 1376 quin
365 1333 421 1364 ubi
439 1343 473 1364 se
487 1343 507 1364 a
524 1332 624 1374 volgo
640 1337 672 1364 et
689 1343 809 1365 scaena
823 1332 858 1364 in
874 1337 1000 1365 secreta
1015 1336 1184 1366 remorant

269 1385 372 1417 virtus
389 1384 566 1427 Scipiadae
583 1390 615 1416 et
632 1385 722 1417 mitis
738 1385 903 1427 sapientia
919 1385 1026 1426 Laeli,

269 1437 387 1478 nugari
404 1447 478 1468 cum
496 1436 555 1468 illo
571 1440 603 1468 et
619 1436 773 1469 discincti
789 1437 904 1469 ludere
919 1437 1028 1470 donec

268 1490 507 1531 decoqueretur
523 1488 619 1520 holus
636 1489 735 1522 soliti.
774 1490 936 1533 quicquid
951 1501 1026 1523 sum
1041 1501 1117 1533 ego,
1136 1490 1289 1534 quamvis

268 1541 354 1572 infra
370 1541 477 1572 Lucili
495 1551 629 1573 censum
646 1541 895 1584 ingeniumque,
915 1547 1029 1576 tamen
1043 1553 1099 1576 me

269 1603 345 1625 cum
361 1593 490 1635 magnis
505 1593 625 1625 vixisse
642 1593 746 1625 invita
763 1594 920 1627 fatebitur
934 1605 1039 1638 usque

269 1644 404 1683 invidia,
424 1649 457 1677 et
472 1643 581 1686 fragili
598 1655 762 1686 quaerens
779 1646 909 1679 illidere
925 1646 1062 1679 dentem

269 1696 415 1728 offendet
431 1696 539 1728 solido
553 1707 563 1735 ;
586 1697 649 1729 nisi
666 1697 748 1739 quid
764 1702 811 1737 tu,
830 1698 929 1731 docte
945 1698 1095 1738 Trebati,

269 1747 435 1779 dissentis.
486 1748 496 1764 ‘
511 1748 666 1790 equidem
682 1749 768 1781 nihil
783 1749 862 1782 hinc
876 1749 1052 1792 diffingere
1066 1759 1211 1793 possum.

270 1799 328 1831 sed
344 1804 455 1831 tamen
472 1804 508 1832 ut
524 1800 670 1832 monitus
686 1811 814 1840 caveas,
834 1811 876 1834 ne
892 1801 978 1834 sorte
992 1801 1106 1844 negoti
1255 1806 1289 1832 80

270 1850 408 1882 incutiat
425 1851 486 1883 tibi
503 1852 584 1894 quid
601 1857 791 1884 sanctarum
806 1852 939 1885 inscitia
952 1853 1089 1895 legum:

271 1902 298 1934 si
314 1902 402 1934 mala
417 1903 603 1936 condiderit
618 1904 652 1935 in
668 1914 769 1946 quem
784 1904 859 1946 quis
873 1905 1031 1945 carmina,
1050 1904 1102 1938 ius
1115 1907 1167 1938 est

1167 2274 1169 2283 ,
1188 2161 1401 2283 and-EA

1405 2200 1410 2236 ι

1404 2237 1410 2283 Ι
