1458 2315
97 135 152 178 11.]

92 670 142 705 ΙΙ.

342 137 620 168 CARMINUM
642 137 788 168 LIBER
814 139 881 170 Ill.
1101 141 1142 181 65

317 223 376 246 cur
391 212 585 246 invidendis
602 213 756 256 postibus
773 218 807 246 et
824 225 914 247 novo

319 266 464 299 sublime
481 266 547 298 ritu
564 267 687 298 moliar
702 267 824 299 atrium
838 269 853 299 ?

365 330 424 352 cur
439 319 529 352 valle
544 324 736 362 permutem
755 320 884 353 Sabina

407 372 544 406 divitias
560 373 799 417 operosiores?

357 671 393 704 N
396 671 603 706 GUSTAM
620 672 729 705 amice
745 673 945 716 pauperiem
962 673 1035 718 pati

380 725 538 758 robustus
555 726 622 758 acri
639 726 763 758 militia
779 737 864 769 puer

314 778 488 811 condiscat
505 783 539 811 et
557 779 700 811 Parthos
717 779 837 811 ferocis

361 836 462 864 vexet
478 837 580 875 eques
596 832 798 865 metuendus
815 832 923 873 hasta,

270 952 443 996 vitamque
459 953 522 986 sub
538 953 619 986 divo
636 958 670 986 et
687 954 828 996 trepidis
844 958 924 997 agat

268 1006 304 1039 in
320 1006 430 1039 rebus.
482 1006 579 1038 illum
596 1018 637 1039 ex
653 1008 832 1040 moenibus
848 1007 990 1041 hosticis

311 1064 468 1092 matrona
483 1059 642 1092 bellantis
659 1061 793 1101 tyranni

359 1111 570 1155 prospiciens
587 1117 619 1145 et
636 1113 754 1145 adulta
771 1112 868 1156 virgo

267 1231 423 1274 suspiret,
443 1231 538 1271 eheu,
560 1242 602 1264 nc
619 1233 710 1265 rudis
727 1233 902 1275 agminum

268 1295 413 1327 sponsus
430 1284 571 1317 lacessat
587 1285 698 1328 regius
714 1296 873 1328 asperum
1101 1302 1136 1322 10

312 1342 404 1371 tactu
420 1337 566 1376 leonem,
584 1348 685 1380 quem
703 1344 842 1371 cruenta

356 1401 419 1434 per
434 1390 563 1423 medias
579 1391 666 1434 rapit
684 1392 731 1423 ira
748 1392 872 1424 caedis.

265 1510 365 1544 dulce
382 1516 415 1544 et
431 1512 590 1544 decorum
607 1517 656 1545 est
673 1524 735 1555 pro
751 1513 861 1555 patn'a
874 1514 958 1546 mori
974 1526 982 1547 ι

268 1564 364 1597 Mors
380 1569 414 1597 et
431 1564 584 1606 fugacem
602 1566 811 1608 persequitur
827 1567 947 1607 virum,

308 1627 372 1650 nec
388 1617 496 1660 parcit
513 1617 660 1650 imbellis
677 1619 835 1651 iuventae

355 1669 543 1712 poplitibus
559 1670 747 1714 timidoque
764 1677 868 1714 tergo.

266 1788 382 1822 Virtus
399 1789 552 1832 repulsae
568 1790 681 1823 nescia
696 1791 852 1825 sordidae

265 1840 474 1874 intaminatis
491 1841 597 1885 fulget
613 1842 809 1883 honoribus,

310 1904 374 1926 nec
390 1894 492 1926 sumit
508 1900 566 1928 aut
583 1895 679 1938 ponit
696 1897 820 1930 securis

352 1947 492 1980 arbitrio
509 1948 684 1991 popular-Is
705 1960 816 1983 aurae.
1094 1968 1130 1986 20
