1458 2315
65 125 122 168 11.]

393 128 596 160 EPODON
619 128 772 160 LIBER.
1047 138 1106 169 137

155 207 191 237 ut
207 204 334 247 gaudet
350 203 486 238 insitiva
502 205 688 248 decerpens
704 205 788 248 pira,

200 262 387 291 certantem
404 263 437 291 et
454 269 556 290 uvam
573 270 753 301 purpurae,
1074 274 1108 292 20

155 320 222 353 qua
237 316 431 344 muneretur
446 316 489 350 te,
513 311 646 354 Priape,
666 317 699 344 et
716 317 760 352 te,
780 317 876 355 pater

201 363 350 403 Silvane,
370 368 462 396 tutor
478 364 606 397 finium.

154 415 237 448 libet
253 416 363 449 iacere
379 417 482 449 modo
499 418 562 450 sub
578 417 717 460 antiqua
733 417 820 457 ilice,

200 469 304 501 modo
321 469 355 501 in
372 470 482 502 tenaci
498 470 661 513 gramine.

155 520 316 554 labuntur
331 522 408 555 altis
425 523 560 555 interim
575 524 655 555 rivis
671 534 802 567 aquae,

199 580 383 617 queruntur
399 575 434 608 in
451 576 542 608 silvis
559 587 647 616 aves,

154 625 331 670 sontesque
348 627 495 671 lymphis
512 629 712 671 obstrepunt
728 629 957 670 manantibus,

198 690 336 713 somnos
353 681 444 723 quod
461 681 580 713 invitet
597 681 691 714 levis.

153 737 188 765 at
204 743 281 765 cum
299 733 448 765 tonantis
463 744 570 766 annus
586 733 748 767 hibernus
766 734 860 767 Iovis

196 786 314 818 imbris
330 786 492 830 nivesque
507 791 694 829 comparat,
1073 804 1107 828 30

151 842 209 871 aut
226 838 330 872 trudit
345 839 432 872 acris
449 839 528 871 hinc
545 845 578 872 et
593 839 673 872 hinc
689 839 797 873 multa
812 851 897 874 cane

197 902 298 934 apros
315 891 348 923 in
366 892 530 924 obstantis
547 892 675 935 plagas,

152 948 209 976 aut
226 944 329 977 amite
342 944 409 978 levi
424 956 499 977 rara
514 945 622 977 tendit
639 945 734 985 retia,

196 997 303 1029 turdis
322 997 483 1030 edacibus
499 998 607 1037 dolos,

151 1048 382 1092 pavidumque
398 1050 549 1092 leporem
566 1056 599 1083 et
615 1051 784 1084 advenam
801 1050 924 1095 laqueo
941 1062 1060 1095 gruem

198 1101 346 1134 iucunda
361 1106 474 1144 captat
492 1103 653 1145 praemia.

151 1153 228 1196 quis
243 1165 312 1186 non
329 1154 494 1186 malarum
511 1166 594 1197 quas
612 1167 708 1188 amor
723 1167 820 1190 curas
836 1156 940 1191 habet

196 1206 281 1239 haec
298 1207 386 1239 inter
401 1208 610 1240 obliviscitur
622 1209 637 1240 ?

152 1259 273 1302 quodsi
291 1260 414 1302 pudica
430 1260 550 1292 mulier
567 1261 601 1292 in
618 1266 750 1303 partem
768 1262 857 1295 iuvet

196 1312 336 1344 domum
354 1318 455 1355 atque
471 1312 579 1345 dulcis
596 1313 730 1352 liberos,
1070 1333 1104 1356 40

154 1364 283 1398 Sabina
300 1365 409 1408 qualis
426 1371 482 1397 aut
500 1371 634 1408 perusta
651 1367 779 1400 solibus

195 1418 341 1460 pernicis
358 1430 442 1450 uxor
457 1418 574 1461 Apuli,

150 1480 283 1503 sacrum
300 1472 438 1503 vetus-,tis
456 1475 602 1503 exstruat
620 1471 720 1514 lignis
737 1471 848 1505 focum

194 1523 273 1556 lassi
291 1524 352 1556 sub
369 1524 552 1556 adventum
569 1524 643 1564 viri,

149 1574 377 1619 claudensque
394 1577 495 1609 textis
511 1577 658 1609 cratibus
676 1576 801 1610 laetum
819 1589 921 1622 pecus

193 1629 343 1662 distenta
359 1629 459 1662 siccet
477 1630 589 1669 ubera,

148 1686 182 1714 et
199 1681 307 1714 horna
323 1682 414 1715 dulci
431 1683 510 1714 vina
526 1694 685 1725 promens
701 1683 795 1717 dolio

192 1735 298 1777 dapes
316 1735 483 1778 inemptas
499 1741 637 1778 apparet
654 1748 661 1768 :

147 1797 216 1820 non
233 1798 287 1820 me
307 1787 452 1820 Lucrina
470 1788 612 1820 iuverint
628 1789 807 1832 conchylia

188 1841 339 1883 magisve
357 1840 517 1873 rhombus
533 1846 590 1873 aut
607 1842 703 1881 scari,
1067 1860 1101 1884 50

145 1892 173 1925 si
190 1903 274 1935 quos
294 1893 376 1925 Eois
393 1893 545 1926 intonata
561 1894 718 1928 fluctibus

188 1945 321 1989 hiemps
338 1946 382 1978 ad
399 1946 464 1980 hoc
481 1951 588 1980 vertat
604 1957 706 1981 mare.

329 2016 372 2042 10
