1410 2283
290 133 350 163 240
575 125 611 161 Q.
643 122 772 153 HORA
782 122 831 152 TI
853 121 1023 152 FLACCI
1231 119 1306 161 [vu.

290 349 372 381 VII.
497 347 694 389 UINQUE
732 347 805 380 dies
840 346 901 380 tibi
939 346 1108 390 pollicitus
1145 356 1200 379 me
1237 355 1312 378 rure

403 349 489 450 Q
605 400 762 438 futurum,

293 452 455 485 Sextilem
473 457 577 485 totum
596 453 740 484 mendax
756 451 939 484 desideror.
987 451 1091 494 atqui,

291 506 318 537 si
335 516 387 537 me
405 505 514 537 vivere
531 505 579 536 vis
596 515 713 537 sanum
730 510 882 546 recteque
898 503 1076 542 valentem,

291 568 393 599 quam
409 557 492 588 mihi
505 557 564 588 das
581 567 690 598 aegrO‚
708 556 803 588 dabis
819 560 989 598 aegrotare
1005 555 1147 594 timenti,

293 609 482 648 Maecenas,
503 609 644 648 veniam,
665 608 745 640 dum
762 607 842 640 ficus
859 607 966 650 prirna
981 607 1139 649 calorque

291 661 545 703 dissignatorem
561 660 695 693 decorat
711 660 884 692 lictoribus
900 659 989 697 atris,

292 713 373 744 dum
389 713 500 753 pueris
517 713 625 743 omnis
642 717 736 754 pater
751 716 784 743 et
800 711 982 743 matercula
998 710 1113 753 pallet,

292 765 505 806 officiosaque
521 763 681 797 sedulitas
697 769 729 796 et
745 763 856 805 opella
870 763 1010 795 sorensis

293 816 428 848 adducit
445 816 545 848 febris
560 820 593 848 et
609 820 807 847 testamenta
822 814 978 856 resignat.

295 868 385 911 quod
402 868 429 900 si
447 868 564 899 bruma
581 868 673 899 nives
690 866 833 898 Albanis
849 866 956 898 illinet
972 865 1069 908 agris,
1282 879 1316 897 ιο

293 921 336 952 ad
354 931 444 952 mare
460 920 639 952 descendet
655 924 747 950 vates
763 924 848 956 tuuS,
867 922 900 950 et
916 918 979 950 sibi
996 922 1109 960 parcet

295 977 548 1014 contractusque
565 972 677 1013 leget;
700 975 742 1009 te,
762 970 869 1002 duleis
885 971 1001 1009 amice,
1021 970 1141 1002 reviset

294 1035 369 1056 cum
386 1024 556 1066 Zephyris,
576 1024 602 1055 si
618 1023 790 1060 concedes,
808 1028 841 1054 et
855 1022 1031 1054 hirundine
1047 1021 1165 1063 prima.

294 1087 363 1107 non
379 1087 447 1118 quo
463 1086 554 1107 more
571 1075 652 1117 piris
668 1074 755 1106 vesci
773 1074 917 1106 Calaber
933 1073 1024 1106 iubet
1039 1073 1164 1116 hospes

296 1133 331 1159 tu
349 1139 402 1160 me
419 1128 524 1159 fecisti
542 1127 753 1169 locupletem.
807 1127 957 1158 ‘vescere
972 1124 1094 1158 sodes.'

300 1182 308 1196 ‘
323 1180 388 1211 iam
405 1180 485 1211 satis
501 1178 574 1211 est.'
624 1180 632 1194 ‘
644 1183 677 1210 at
694 1184 727 1210 tu
739 1183 900 1220 quantum
912 1178 962 1209 vis
973 1175 1078 1210 tolle.'
1125 1173 1315 1219 ‘benigne.’
1337 1208 1341 1211 .

300 1233 309 1248 ‘
322 1243 390 1264 non
405 1232 512 1263 invisa
529 1231 612 1263 seres
628 1230 739 1273 pueris
754 1229 948 1262 munuscula
964 1227 1098 1272 parvis.’

301 1285 391 1315 ‘tam
408 1288 521 1315 teneor
537 1284 626 1315 dono
643 1293 743 1324 quam
759 1282 786 1314 si
802 1281 950 1313 dimittar
965 1279 1127 1313 onustus)

302 1337 310 1351 ‘
321 1341 357 1367 ut
373 1336 456 1367 libet
474 1348 480 1367 :
505 1335 586 1367 haec
603 1335 712 1376 porcis
727 1334 829 1366 hodie
844 1333 1051 1366 comedenda
1067 1332 1243 1374 relinques.

299 1388 458 1429 prodigus
475 1392 507 1419 et
524 1387 642 1419 stultus·
658 1387 761 1418 donat
776 1396 863 1428 quae
879 1385 1005 1427 spernit
1021 1389 1055 1417 et
1070 1385 1141 1416 odit
1156 1397 1164 1417 ε
1284 1398 1320 1415 20

300 1440 382 1471 haec
398 1449 491 1481 seges
508 1440 656 1481 ingratos
672 1438 747 1470 tulit
763 1444 796 1470 et
812 1437 892 1470 seret
907 1437 1062 1470 omnibus
1077 1437 1182 1468 annis.

300 1492 350 1522 vir
365 1491 474 1523 bonus
490 1496 522 1522 et
539 1491 671 1532 sapiens
687 1489 798 1532 dignis
813 1490 860 1521 ait
877 1500 947 1521 esse
962 1493 1099 1531 paratus
1113 1500 1122 1520 τ

300 1553 361 1574 nec
377 1548 489 1574 tamen
505 1542 636 1584 ignorat
652 1542 732 1584 quid
748 1542 868 1573 distent
885 1552 962 1573 aera
976 1540 1109 1582 lupinis.

301 1594 440 1636 dignum
456 1594 635 1636 praestabo
651 1604 706 1626 me
722 1594 822 1625 etiam
838 1603 899 1634 pro
913 1592 1012 1624 laude
1027 1591 1196 1624 merentis.

301 1646 422 1687 quodsi
436 1656 491 1678 me
506 1645 600 1677 noles
615 1655 755 1687 usquam
769 1644 950 1684 discedere,
969 1644 1088 1676 reddes

303 1697 387 1729 sorte
402 1697 500 1735 latus,
519 1697 631 1738 nigros
646 1700 786 1738 angusta
798 1696 905 1728 fronte
917 1695 1068 1737 capillos,

304 1749 423 1780 reddes
438 1749 535 1780 dulce
550 1748 653 1790 loqui,
674 1748 792 1780 reddes
804 1748 912 1779 ridere
927 1748 1085 1779 decorum
1101 1749 1135 1778 et

305 1800 390 1831 inter
406 1801 484 1831 vina
500 1800 612 1842 fugam
629 1800 772 1831 Cinarae
788 1809 935 1830 maerere
950 1802 1135 1840 protervae.

303 1851 387 1883 forte
403 1862 463 1893 per
478 1857 653 1893 angustam
667 1850 774 1882 tenuis
789 1849 965 1891 volpecula
976 1849 1096 1881 rimam

304 1908 451 1945 repserat
467 1903 502 1934 in
518 1913 686 1938 cumeram
702 1901 866 1939 frumenti,
887 1904 1048 1943 pastaque
1064 1910 1174 1932 rursus
1291 1914 1325 1938 30
