1410 2283
284 907 418 943 xxlv.

571 113 607 151 Q.
639 111 771 142 HORA
781 111 830 142 TI
853 110 1027 143 FLACCI
1179 109 1300 151 [xxm.

453 198 530 220 nam
548 198 605 220 seu
622 185 805 219 mobilibus
821 185 953 229 ’vepris
968 184 1133 219 inhorruit

453 240 496 272 ad
516 239 673 272 'ventum
690 238 780 271 soliis
795 248 855 272 seu
872 237 993 272 virides
1008 237 1128 272 rubum

498 292 671 324 dimovere
688 290 843 331 lacertae,

545 350 578 377 ct
595 344 695 377 corde
711 349 743 376 et
760 343 902 394 genibus
920 342 1040 376 tremit.

455 463 547 506 atqui
565 473 632 495 non
649 473 713 505 ego
729 467 762 495 te
780 463 873 505 tigris
889 467 924 495 ut
941 471 1061 505 aspera

455 515 661 549 Gaetulusve
679 515 732 548 leo
746 515 898 558 frangere
913 524 1106 558 persequor.
1279 530 1311 547 ιο

499 568 637 602 tandem
652 568 766 601 desine
783 573 925 601 matrem

543 621 743 665 tempestiva
758 621 852 664 sequi
869 621 951 654 viro.

559 906 641 941 UIS
658 907 825 942 desiderio
841 909 882 941 sit
901 908 1010 952 pudor
1024 911 1082 942 aut
1098 907 1220 942 modus

580 966 649 994 tam
665 961 734 994 cari
751 961 896 1004 capitis?
919 962 1075 1004 praecipe
1090 960 1243 1004 lugubris

461 1019 589 1052 cantus,
607 1013 835 1056 Melpomene,
854 1013 907 1045 cui
924 1013 1087 1056 liquidam
1103 1018 1199 1056 pater

548 1076 666 1098 vocem
683 1076 759 1098 cum
776 1065 903 1098 cithara
920 1065 1023 1098 dedit.

466 1194 546 1226 ergo
564 1183 766 1226 Quintilium
783 1188 962 1227 perpetuus
977 1194 1079 1228 sopor

462 1238 601 1279 urguet!
626 1237 680 1270 cui
699 1237 813 1269 Pudor
828 1243 860 1269 et
879 1237 1030 1270 Iustitiae
1046 1247 1140 1272 soror

463 1289 654 1332 incorrupta
671 1288 774 1322 Fides
790 1289 946 1333 nudaque
962 1289 1098 1323 Veritas
1388 1261 1410 1382 ⁴]

549 1341 686 1385 quando
703 1342 810 1375 ullum
826 1342 975 1375 inveniet
989 1353 1104 1386 parem
1114 1343 1131 1376 ?

1393 1389 1410 1494 Ξ

464 1461 578 1494 multis
595 1461 650 1495 ille
667 1462 765 1495 bonis
782 1462 903 1496 flebilis
918 1463 1055 1504 occidit,

463 1513 546 1546 nulli
564 1513 708 1547 flebilior
722 1523 824 1558 quam
841 1515 914 1556 tibi,
933 1515 1075 1559 Vergili.

462 1571 499 1599 tu
517 1566 636 1599 smstra
651 1567 726 1609 pius
743 1578 809 1599 neu
823 1577 892 1600 non
908 1568 956 1601 ita
971 1567 1135 1602 creditum

552 1619 662 1661 poscis
678 1619 880 1662 Quintilium
895 1620 988 1654 deos.

465 1738 546 1781 quid
563 1739 591 1772 si
607 1739 765 1773 Threicio
779 1740 938 1774 blandius
953 1739 1094 1784 orpheo

464 1791 613 1823 auditam
629 1793 804 1825 moderere
818 1793 995 1826 arboribus
1010 1791 1139 1826 fidem?

464 1853 544 1875 num
562 1855 667 1876 vanae
683 1845 798 1877 redeat
814 1845 949 1888 sanguis
964 1843 1114 1888 imagini,

555 1906 657 1938 quam
674 1896 767 1939 virga
783 1896 887 1930 semel
902 1896 1039 1930 horrida
