1458 2315
93 116 188 157 xm]

361 117 638 149 CARMJNUM
659 117 805 148 LIBER
833 118 879 147 Il.

275 192 325 226 fas
340 193 534 236 pervicaces
551 197 600 226 est
617 193 702 225 mihi
718 193 892 235 Thyiadas

273 247 412 290 vinique
427 247 556 280 fontem
568 247 665 280 laetis
681 251 713 279 et
729 247 850 279 uberes

324 304 461 332 cantare
479 300 578 340 rivos,
601 304 702 342 atque
719 300 845 332 truncis

367 352 463 396 lapsa
481 353 571 385 cavis
588 353 707 385 iterare
724 353 826 385 mella
841 364 852 393 ς

276 455 327 488 fas
344 459 377 488 et
393 456 513 489 beatae
530 457 679 499 coniugis
697 457 851 489 additum
898 461 902 464 ‘

279 509 384 542 stellis
400 509 566 542 honorem
583 514 738 552 tectaque
758 509 900 542 Penthei

321 562 462 595 disiecta
478 573 546 595 non
563 563 629 595 leni
647 564 753 602 ruina,
802 561 805 563 ’

368 615 510 648 Thracis
528 621 560 648 et
578 616 717 648 exitium
735 616 891 659 Lycurgi.

279 723 315 752 tu
332 719 438 752 flectis
453 719 571 759 amnis,
593 724 629 752 tu
647 731 739 752 mare
756 720 949 760 barbarum,

278 777 315 806 tu
331 773 494 816 separatis
511 773 632 806 uvidus
648 774 683 805 in
700 774 787 816 iugis

323 826 416 858 nodo
428 837 562 859 coerces
578 827 732 869 viperino

372 879 590 911 Bistonidum
604 880 675 912 sine
692 879 808 912 fraude
825 879 935 913 crinis.

280 988 327 1023 tu,
347 994 424 1016 cum
441 983 591 1026 parentis
608 994 711 1026 regna
724 994 783 1026 per
799 984 942 1016 arduum

278 1036 399 1069 cohors
416 1037 603 1079 Gigantum
622 1037 797 1070 scanderet
814 1037 929 1080 impia,

326 1089 499 1121 Rhoetum
515 1090 678 1122 retorsisti
695 1090 804 1122 leonis

371 1141 542 1184 unguibus
559 1142 781 1185 horribilique
795 1142 885 1175 mala
900 1154 908 1174 :

282 1255 489 1288 quamquam
506 1244 637 1278 choreis
655 1246 767 1288 aptior
783 1250 816 1279 et
833 1246 915 1280 iocis

282 1298 432 1341 ludoque
448 1298 557 1330 dictus
573 1309 643 1330 non
660 1304 710 1331 sat
728 1298 869 1332 idoneus

328 1362 463 1394 pugnae
480 1351 639 1383 ferebaris
656 1364 665 1391 ;
691 1352 748 1384 sed
767 1352 857 1384 idem

371 1403 464 1446 pacis
480 1414 553 1436 eras
570 1404 768 1447 mediusque
784 1404 878 1437 belli.

283 1511 316 1539 te
329 1507 413 1539 vidit
431 1507 546 1539 insons
564 1507 730 1540 Cerberus
746 1518 849 1540 aureo

282 1570 388 1594 cornu
405 1560 575 1599 decorum,
596 1559 717 1592 leniter
733 1564 881 1593 atterens

328 1613 483 1652 caudam,
505 1616 536 1645 et
554 1613 741 1646 recedentis
759 1613 908 1656 trilingui

375 1677 432 1699 ore
450 1666 552 1709 pedes
570 1666 746 1709 tetigitque
763 1677 867 1700 crura.

1103 119 1141 148 61

1111 260 1146 279 10

1117 1576 1151 1602 30
