<?xml version="1.0" encoding="UTF-8"?>
<!DOCTYPE html PUBLIC "-//W3C//DTD XHTML 1.0 Transitional//EN"
    "http://www.w3.org/TR/xhtml1/DTD/xhtml1-transitional.dtd">
<html xmlns="http://www.w3.org/1999/xhtml" xml:lang="en" lang="en">
 <head>
  <title>
</title>
<meta http-equiv="Content-Type" content="text/html;charset=utf-8" />
  <meta name='ocr-system' content='tesseract 3.04.00' />
  <meta name='ocr-capabilities' content='ocr_page ocr_carea ocr_par ocr_line ocrx_word'/>
</head>
<body>
  <div class='ocr_page' id='page_1' title='image "./operacornish00horauoft_0308.png"; bbox 0 0 1410 2283; ppageno 0'>
   <div class='ocr_carea' id='block_1_1' title="bbox 293 149 1028 194">
    <p class='ocr_par' dir='ltr' id='par_1_1' title="bbox 293 149 1028 194">
     <span class='ocr_line' id='line_1_1' title="bbox 293 149 1028 194; baseline -0.007 -9"><span class='ocrx_word' id='word_1_1' title='bbox 293 164 352 194; x_wconf 88' lang='lat'>292</span> <span class='ocrx_word' id='word_1_2' title='bbox 575 152 610 190; x_wconf 83' lang='lat' dir='ltr'>Q.</span> <span class='ocrx_word' id='word_1_3' title='bbox 641 151 771 182; x_wconf 87' lang='lat' dir='ltr'><em>HORA</em></span> <span class='ocrx_word' id='word_1_4' title='bbox 780 150 830 180; x_wconf 89' lang='lat' dir='ltr'>TI</span> <span class='ocrx_word' id='word_1_5' title='bbox 852 149 1028 181; x_wconf 85' lang='lat' dir='ltr'><em>FLACCI.</em></span> 
     </span>
    </p>
   </div>
   <div class='ocr_carea' id='block_1_2' title="bbox 291 223 1410 1984">
    <p class='ocr_par' dir='ltr' id='par_1_2' title="bbox 291 223 1070 267">
     <span class='ocr_line' id='line_1_2' title="bbox 291 223 1070 267; baseline -0.006 -6"><span class='ocrx_word' id='word_1_6' title='bbox 291 229 397 261; x_wconf 88' lang='lat' dir='ltr'>nolito</span> <span class='ocrx_word' id='word_1_7' title='bbox 414 227 457 260; x_wconf 89' lang='lat' dir='ltr'>ad</span> <span class='ocrx_word' id='word_1_8' title='bbox 473 237 584 260; x_wconf 88' lang='lat' dir='ltr'>versus</span> <span class='ocrx_word' id='word_1_9' title='bbox 601 226 662 258; x_wconf 85' lang='lat' dir='ltr'>tibi</span> <span class='ocrx_word' id='word_1_10' title='bbox 679 225 783 258; x_wconf 84' lang='lat' dir='ltr'>factos</span> <span class='ocrx_word' id='word_1_11' title='bbox 797 225 919 258; x_wconf 87' lang='lat' dir='ltr'>ducere</span> <span class='ocrx_word' id='word_1_12' title='bbox 933 223 1070 267; x_wconf 90' lang='lat' dir='ltr'>plenum</span> 
     </span>
    </p>

    <p class='ocr_par' dir='ltr' id='par_1_3' title="bbox 291 272 1197 377">
     <span class='ocr_line' id='line_1_3' title="bbox 291 272 1197 320; baseline -0.006 -6"><span class='ocrx_word' id='word_1_13' title='bbox 291 282 458 314; x_wconf 84' lang='lat' dir='ltr'>laetitiae:</span> <span class='ocrx_word' id='word_1_14' title='bbox 485 279 644 312; x_wconf 87' lang='lat' dir='ltr'>clamabit</span> <span class='ocrx_word' id='word_1_15' title='bbox 660 279 750 311; x_wconf 91' lang='lat' dir='ltr'>enim</span> <span class='ocrx_word' id='word_1_16' title='bbox 769 277 938 320; x_wconf 84' lang='lat' dir='ltr'>‘pulchre‚</span> <span class='ocrx_word' id='word_1_17' title='bbox 958 277 1056 316; x_wconf 91' lang='lat' dir='ltr'>bene,</span> <span class='ocrx_word' id='word_1_18' title='bbox 1078 272 1197 317; x_wconf 85' lang='lat' dir='ltr'>recte,’</span> 
     </span>
     <span class='ocr_line' id='line_1_4' title="bbox 292 329 1049 377; baseline -0.008 -11"><span class='ocrx_word' id='word_1_19' title='bbox 292 334 451 377; x_wconf 82' lang='lat' dir='ltr'>pallescet</span> <span class='ocrx_word' id='word_1_20' title='bbox 466 343 564 374; x_wconf 89' lang='lat' dir='ltr'>super</span> <span class='ocrx_word' id='word_1_21' title='bbox 579 331 642 370; x_wconf 90' lang='lat' dir='ltr'>his,</span> <span class='ocrx_word' id='word_1_22' title='bbox 662 331 763 362; x_wconf 90' lang='lat' dir='ltr'>etiam</span> <span class='ocrx_word' id='word_1_23' title='bbox 779 329 917 362; x_wconf 72' lang='lat' dir='ltr'>stillabit</span> <span class='ocrx_word' id='word_1_24' title='bbox 934 329 1049 361; x_wconf 88' lang='lat' dir='ltr'>amicis</span> 
     </span>
    </p>

    <p class='ocr_par' dir='ltr' id='par_1_4' title="bbox 293 381 1313 479">
     <span class='ocr_line' id='line_1_5' title="bbox 293 381 1313 423; baseline -0.007 -5"><span class='ocrx_word' id='word_1_25' title='bbox 293 397 334 418; x_wconf 84' lang='lat' dir='ltr'>ex</span> <span class='ocrx_word' id='word_1_26' title='bbox 350 385 454 417; x_wconf 88' lang='lat' dir='ltr'>oculis</span> <span class='ocrx_word' id='word_1_27' title='bbox 470 394 590 423; x_wconf 88' lang='lat' dir='ltr'>rorem,</span> <span class='ocrx_word' id='word_1_28' title='bbox 609 383 715 421; x_wconf 87' lang='lat' dir='ltr'>saliet,</span> <span class='ocrx_word' id='word_1_29' title='bbox 734 381 853 414; x_wconf 88' lang='lat' dir='ltr'>tundet</span> <span class='ocrx_word' id='word_1_30' title='bbox 869 381 958 423; x_wconf 91' lang='lat' dir='ltr'>pede</span> <span class='ocrx_word' id='word_1_31' title='bbox 974 385 1108 413; x_wconf 86' lang='lat' dir='ltr'>terram.</span> <span class='ocrx_word' id='word_1_32' title='bbox 1262 393 1313 418; x_wconf 82' lang='lat'>⁴30</span> 
     </span>
     <span class='ocr_line' id='line_1_6' title="bbox 293 433 1050 479; baseline -0.007 -9"><span class='ocrx_word' id='word_1_33' title='bbox 293 443 328 470; x_wconf 91' lang='lat' dir='ltr'>ut</span> <span class='ocrx_word' id='word_1_34' title='bbox 346 438 403 479; x_wconf 84' lang='lat' dir='ltr'>qui</span> <span class='ocrx_word' id='word_1_35' title='bbox 419 436 575 469; x_wconf 88' lang='lat' dir='ltr'>conducti</span> <span class='ocrx_word' id='word_1_36' title='bbox 591 435 722 478; x_wconf 84' lang='lat' dir='ltr'>plorant</span> <span class='ocrx_word' id='word_1_37' title='bbox 739 434 774 465; x_wconf 92' lang='lat' dir='ltr'>in</span> <span class='ocrx_word' id='word_1_38' title='bbox 790 433 913 472; x_wconf 87' lang='lat' dir='ltr'>sunere,</span> <span class='ocrx_word' id='word_1_39' title='bbox 933 433 1050 466; x_wconf 89' lang='lat' dir='ltr'>dicunt</span> 
     </span>
    </p>

    <p class='ocr_par' dir='ltr' id='par_1_5' title="bbox 293 483 1166 530">
     <span class='ocr_line' id='line_1_7' title="bbox 293 483 1166 530; baseline -0.005 -9"><span class='ocrx_word' id='word_1_40' title='bbox 293 496 326 522; x_wconf 83' lang='lat' dir='ltr'>ct</span> <span class='ocrx_word' id='word_1_41' title='bbox 344 489 466 521; x_wconf 82' lang='lat' dir='ltr'>faciunt</span> <span class='ocrx_word' id='word_1_42' title='bbox 483 499 588 530; x_wconf 88' lang='lat' dir='ltr'>prope</span> <span class='ocrx_word' id='word_1_43' title='bbox 604 487 700 530; x_wconf 88' lang='lat' dir='ltr'>plura</span> <span class='ocrx_word' id='word_1_44' title='bbox 715 485 906 518; x_wconf 85' lang='lat' dir='ltr'>dolentibus</span> <span class='ocrx_word' id='word_1_45' title='bbox 918 495 959 518; x_wconf 89' lang='lat' dir='ltr'>ex</span> <span class='ocrx_word' id='word_1_46' title='bbox 975 485 1098 524; x_wconf 89' lang='lat' dir='ltr'>animo,</span> <span class='ocrx_word' id='word_1_47' title='bbox 1118 483 1166 517; x_wconf 89' lang='lat' dir='ltr'>sic</span> 
     </span>
    </p>

    <p class='ocr_par' dir='ltr' id='par_1_6' title="bbox 294 538 965 582">
     <span class='ocr_line' id='line_1_8' title="bbox 294 538 965 582; baseline -0.007 -9"><span class='ocrx_word' id='word_1_48' title='bbox 294 541 420 573; x_wconf 84' lang='lat' dir='ltr'>derisor</span> <span class='ocrx_word' id='word_1_49' title='bbox 433 551 511 572; x_wconf 93' lang='lat' dir='ltr'>vero</span> <span class='ocrx_word' id='word_1_50' title='bbox 526 540 601 582; x_wconf 90' lang='lat' dir='ltr'>plus</span> <span class='ocrx_word' id='word_1_51' title='bbox 617 538 788 570; x_wconf 85' lang='lat' dir='ltr'>laudatore</span> <span class='ocrx_word' id='word_1_52' title='bbox 804 541 965 569; x_wconf 86' lang='lat' dir='ltr'>movetur.</span> 
     </span>
    </p>

    <p class='ocr_par' dir='ltr' id='par_1_7' title="bbox 296 589 994 635">
     <span class='ocr_line' id='line_1_9' title="bbox 296 589 994 635; baseline -0.004 -10"><span class='ocrx_word' id='word_1_53' title='bbox 296 604 389 635; x_wconf 84' lang='lat' dir='ltr'>reges</span> <span class='ocrx_word' id='word_1_54' title='bbox 405 593 560 625; x_wconf 87' lang='lat' dir='ltr'>dicuntur</span> <span class='ocrx_word' id='word_1_55' title='bbox 575 591 689 623; x_wconf 87' lang='lat' dir='ltr'>multis</span> <span class='ocrx_word' id='word_1_56' title='bbox 706 600 845 631; x_wconf 83' lang='lat' dir='ltr'>urguere</span> <span class='ocrx_word' id='word_1_57' title='bbox 861 589 994 622; x_wconf 89' lang='lat' dir='ltr'>culullis</span> 
     </span>
    </p>

    <p class='ocr_par' dir='ltr' id='par_1_8' title="bbox 296 641 1123 688">
     <span class='ocr_line' id='line_1_10' title="bbox 296 641 1123 688; baseline -0.006 -11"><span class='ocrx_word' id='word_1_58' title='bbox 296 650 329 677; x_wconf 87' lang='lat' dir='ltr'>et</span> <span class='ocrx_word' id='word_1_59' title='bbox 344 651 497 688; x_wconf 88' lang='lat' dir='ltr'>torquere</span> <span class='ocrx_word' id='word_1_60' title='bbox 513 655 604 676; x_wconf 91' lang='lat' dir='ltr'>mero</span> <span class='ocrx_word' id='word_1_61' title='bbox 621 653 719 686; x_wconf 90' lang='lat' dir='ltr'>quem</span> <span class='ocrx_word' id='word_1_62' title='bbox 735 642 942 684; x_wconf 81' lang='lat' dir='ltr'>perspexisse</span> <span class='ocrx_word' id='word_1_63' title='bbox 957 641 1123 681; x_wconf 89' lang='lat' dir='ltr'>laborant,</span> 
     </span>
    </p>

    <p class='ocr_par' dir='ltr' id='par_1_9' title="bbox 297 693 1088 737">
     <span class='ocr_line' id='line_1_11' title="bbox 297 693 1088 737; baseline -0.005 -9"><span class='ocrx_word' id='word_1_64' title='bbox 297 708 339 728; x_wconf 87' lang='lat' dir='ltr'>an</span> <span class='ocrx_word' id='word_1_65' title='bbox 355 697 397 729; x_wconf 88' lang='lat' dir='ltr'>sit</span> <span class='ocrx_word' id='word_1_66' title='bbox 413 697 562 728; x_wconf 84' lang='lat' dir='ltr'>amicitia</span> <span class='ocrx_word' id='word_1_67' title='bbox 578 696 698 737; x_wconf 84' lang='lat' dir='ltr'>dignus</span> <span class='ocrx_word' id='word_1_68' title='bbox 716 707 723 728; x_wconf 91' lang='lat'>:</span> <span class='ocrx_word' id='word_1_69' title='bbox 747 694 774 726; x_wconf 90' lang='lat' dir='ltr'>si</span> <span class='ocrx_word' id='word_1_70' title='bbox 790 694 937 726; x_wconf 88' lang='lat' dir='ltr'>carmina</span> <span class='ocrx_word' id='word_1_71' title='bbox 953 693 1088 731; x_wconf 90' lang='lat' dir='ltr'>condes,</span> 
     </span>
    </p>

    <p class='ocr_par' dir='ltr' id='par_1_10' title="bbox 297 745 1139 842">
     <span class='ocr_line' id='line_1_12' title="bbox 297 745 1139 791; baseline -0.007 -10"><span class='ocrx_word' id='word_1_72' title='bbox 297 759 480 791; x_wconf 86' lang='lat' dir='ltr'>numquam</span> <span class='ocrx_word' id='word_1_73' title='bbox 497 754 528 780; x_wconf 90' lang='lat' dir='ltr'>te</span> <span class='ocrx_word' id='word_1_74' title='bbox 544 747 659 779; x_wconf 83' lang='lat' dir='ltr'>fallant</span> <span class='ocrx_word' id='word_1_75' title='bbox 675 746 777 779; x_wconf 90' lang='lat' dir='ltr'>animi</span> <span class='ocrx_word' id='word_1_76' title='bbox 794 746 856 778; x_wconf 90' lang='lat' dir='ltr'>sub</span> <span class='ocrx_word' id='word_1_77' title='bbox 872 745 972 787; x_wconf 88' lang='lat' dir='ltr'>volpe</span> <span class='ocrx_word' id='word_1_78' title='bbox 984 745 1139 776; x_wconf 86' lang='lat' dir='ltr'>latentes.</span> 
     </span>
     <span class='ocr_line' id='line_1_13' title="bbox 300 796 1056 842; baseline -0.007 -10"><span class='ocrx_word' id='word_1_79' title='bbox 300 801 465 842; x_wconf 85' lang='lat' dir='ltr'>Quintilio</span> <span class='ocrx_word' id='word_1_80' title='bbox 482 800 589 841; x_wconf 86' lang='lat' dir='ltr'>siquid</span> <span class='ocrx_word' id='word_1_81' title='bbox 606 799 770 836; x_wconf 84' lang='lat' dir='ltr'>recitares,</span> <span class='ocrx_word' id='word_1_82' title='bbox 796 797 942 838; x_wconf 87' lang='lat' dir='ltr'>‘corrige</span> <span class='ocrx_word' id='word_1_83' title='bbox 958 796 1056 828; x_wconf 88' lang='lat' dir='ltr'>sodes</span> 
     </span>
    </p>

    <p class='ocr_par' dir='ltr' id='par_1_11' title="bbox 298 849 1169 890">
     <span class='ocr_line' id='line_1_14' title="bbox 298 849 1169 890; baseline -0.006 -6"><span class='ocrx_word' id='word_1_84' title='bbox 298 853 364 885; x_wconf 91' lang='lat' dir='ltr'>hoc</span> <span class='ocrx_word' id='word_1_85' title='bbox 377 851 384 865; x_wconf 95' lang='lat'>&#39;</span> <span class='ocrx_word' id='word_1_86' title='bbox 401 852 511 883; x_wconf 85' lang='lat' dir='ltr'>aiebat</span> <span class='ocrx_word' id='word_1_87' title='bbox 531 852 539 867; x_wconf 94' lang='lat'>‘</span> <span class='ocrx_word' id='word_1_88' title='bbox 553 855 585 883; x_wconf 88' lang='lat' dir='ltr'>et</span> <span class='ocrx_word' id='word_1_89' title='bbox 600 849 689 883; x_wconf 91' lang='lat' dir='ltr'>hoc.&#39;</span> <span class='ocrx_word' id='word_1_90' title='bbox 724 849 842 881; x_wconf 90' lang='lat' dir='ltr'>melius</span> <span class='ocrx_word' id='word_1_91' title='bbox 858 852 892 880; x_wconf 88' lang='lat' dir='ltr'>te</span> <span class='ocrx_word' id='word_1_92' title='bbox 907 858 1004 890; x_wconf 90' lang='lat' dir='ltr'>posse</span> <span class='ocrx_word' id='word_1_93' title='bbox 1019 856 1169 889; x_wconf 87' lang='lat' dir='ltr'>negares,</span> 
     </span>
    </p>

    <p class='ocr_par' dir='ltr' id='par_1_12' title="bbox 298 899 1321 989">
     <span class='ocr_line' id='line_1_15' title="bbox 298 899 1321 946; baseline -0.007 -9"><span class='ocrx_word' id='word_1_94' title='bbox 298 905 350 937; x_wconf 89' lang='lat' dir='ltr'>bis</span> <span class='ocrx_word' id='word_1_95' title='bbox 366 909 481 946; x_wconf 90' lang='lat' dir='ltr'>terque</span> <span class='ocrx_word' id='word_1_96' title='bbox 493 907 665 945; x_wconf 83' lang='lat' dir='ltr'>expertum</span> <span class='ocrx_word' id='word_1_97' title='bbox 681 901 810 939; x_wconf 87' lang='lat' dir='ltr'>frustra,</span> <span class='ocrx_word' id='word_1_98' title='bbox 826 900 937 932; x_wconf 87' lang='lat' dir='ltr'>delere</span> <span class='ocrx_word' id='word_1_99' title='bbox 953 899 1090 932; x_wconf 83' lang='lat' dir='ltr'>iubebat</span> <span class='ocrx_word' id='word_1_100' title='bbox 1270 911 1321 937; x_wconf 80' lang='lat'>440</span> 
     </span>
     <span class='ocr_line' id='line_1_16' title="bbox 300 953 1019 989; baseline -0.007 -1"><span class='ocrx_word' id='word_1_101' title='bbox 300 962 332 989; x_wconf 92' lang='lat' dir='ltr'>et</span> <span class='ocrx_word' id='word_1_102' title='bbox 349 956 437 988; x_wconf 91' lang='lat' dir='ltr'>male</span> <span class='ocrx_word' id='word_1_103' title='bbox 453 959 602 987; x_wconf 84' lang='lat' dir='ltr'>tornatos</span> <span class='ocrx_word' id='word_1_104' title='bbox 618 953 731 985; x_wconf 88' lang='lat' dir='ltr'>incudi</span> <span class='ocrx_word' id='word_1_105' title='bbox 746 953 883 984; x_wconf 86' lang='lat' dir='ltr'>reddere</span> <span class='ocrx_word' id='word_1_106' title='bbox 896 962 1019 984; x_wconf 82' lang='lat' dir='ltr'>versus.</span> 
     </span>
    </p>

    <p class='ocr_par' dir='ltr' id='par_1_13' title="bbox 301 1002 1099 1046">
     <span class='ocr_line' id='line_1_17' title="bbox 301 1002 1099 1046; baseline -0.008 -6"><span class='ocrx_word' id='word_1_107' title='bbox 301 1009 328 1041; x_wconf 88' lang='lat' dir='ltr'>si</span> <span class='ocrx_word' id='word_1_108' title='bbox 345 1007 520 1040; x_wconf 85' lang='lat' dir='ltr'>defendere</span> <span class='ocrx_word' id='word_1_109' title='bbox 537 1006 696 1038; x_wconf 87' lang='lat' dir='ltr'>delictum</span> <span class='ocrx_word' id='word_1_110' title='bbox 712 1015 813 1046; x_wconf 88' lang='lat' dir='ltr'>quam</span> <span class='ocrx_word' id='word_1_111' title='bbox 828 1008 955 1036; x_wconf 88' lang='lat' dir='ltr'>vertere</span> <span class='ocrx_word' id='word_1_112' title='bbox 971 1002 1099 1042; x_wconf 89' lang='lat' dir='ltr'>malles,</span> 
     </span>
    </p>

    <p class='ocr_par' dir='ltr' id='par_1_14' title="bbox 301 1053 1264 1156">
     <span class='ocr_line' id='line_1_18' title="bbox 301 1053 1264 1098; baseline -0.006 -6"><span class='ocrx_word' id='word_1_113' title='bbox 301 1060 430 1092; x_wconf 88' lang='lat' dir='ltr'>nullum</span> <span class='ocrx_word' id='word_1_114' title='bbox 444 1058 531 1090; x_wconf 85' lang='lat' dir='ltr'>ultra</span> <span class='ocrx_word' id='word_1_115' title='bbox 546 1058 684 1090; x_wconf 89' lang='lat' dir='ltr'>verbum</span> <span class='ocrx_word' id='word_1_116' title='bbox 700 1061 756 1089; x_wconf 91' lang='lat' dir='ltr'>aut</span> <span class='ocrx_word' id='word_1_117' title='bbox 773 1066 911 1098; x_wconf 82' lang='lat' dir='ltr'>operam</span> <span class='ocrx_word' id='word_1_118' title='bbox 926 1055 1114 1087; x_wconf 86' lang='lat' dir='ltr'>insumebat</span> <span class='ocrx_word' id='word_1_119' title='bbox 1131 1053 1264 1087; x_wconf 89' lang='lat' dir='ltr'>inanem</span> 
     </span>
     <span class='ocr_line' id='line_1_19' title="bbox 302 1108 1078 1156; baseline -0.008 -12"><span class='ocrx_word' id='word_1_120' title='bbox 302 1114 384 1156; x_wconf 89' lang='lat' dir='ltr'>quin</span> <span class='ocrx_word' id='word_1_121' title='bbox 400 1112 471 1144; x_wconf 91' lang='lat' dir='ltr'>sine</span> <span class='ocrx_word' id='word_1_122' title='bbox 487 1110 581 1142; x_wconf 87' lang='lat' dir='ltr'>rivali</span> <span class='ocrx_word' id='word_1_123' title='bbox 598 1116 695 1152; x_wconf 89' lang='lat' dir='ltr'>teque</span> <span class='ocrx_word' id='word_1_124' title='bbox 712 1114 744 1141; x_wconf 90' lang='lat' dir='ltr'>et</span> <span class='ocrx_word' id='word_1_125' title='bbox 761 1113 817 1140; x_wconf 87' lang='lat' dir='ltr'>tua</span> <span class='ocrx_word' id='word_1_126' title='bbox 833 1108 923 1140; x_wconf 89' lang='lat' dir='ltr'>solus</span> <span class='ocrx_word' id='word_1_127' title='bbox 938 1117 1078 1139; x_wconf 89' lang='lat' dir='ltr'>amares.</span> 
     </span>
    </p>

    <p class='ocr_par' dir='ltr' id='par_1_15' title="bbox 303 1158 1138 1205">
     <span class='ocr_line' id='line_1_20' title="bbox 303 1158 1138 1205; baseline -0.007 -9"><span class='ocrx_word' id='word_1_128' title='bbox 303 1166 353 1196; x_wconf 89' lang='lat' dir='ltr'>vir</span> <span class='ocrx_word' id='word_1_129' title='bbox 368 1165 475 1196; x_wconf 88' lang='lat' dir='ltr'>bonus</span> <span class='ocrx_word' id='word_1_130' title='bbox 488 1168 520 1195; x_wconf 90' lang='lat' dir='ltr'>et</span> <span class='ocrx_word' id='word_1_131' title='bbox 536 1162 680 1205; x_wconf 84' lang='lat' dir='ltr'>prudens</span> <span class='ocrx_word' id='word_1_132' title='bbox 693 1171 805 1193; x_wconf 86' lang='lat' dir='ltr'>versus</span> <span class='ocrx_word' id='word_1_133' title='bbox 820 1159 997 1202; x_wconf 86' lang='lat' dir='ltr'>reprendet</span> <span class='ocrx_word' id='word_1_134' title='bbox 1013 1158 1138 1198; x_wconf 86' lang='lat' dir='ltr'>inertis,</span> 
     </span>
    </p>

    <p class='ocr_par' dir='ltr' id='par_1_16' title="bbox 304 1213 1082 1258">
     <span class='ocr_line' id='line_1_21' title="bbox 304 1213 1082 1258; baseline -0.008 -9"><span class='ocrx_word' id='word_1_135' title='bbox 304 1216 453 1258; x_wconf 83' lang='lat' dir='ltr'>culpabit</span> <span class='ocrx_word' id='word_1_136' title='bbox 469 1215 581 1253; x_wconf 90' lang='lat' dir='ltr'>duros,</span> <span class='ocrx_word' id='word_1_137' title='bbox 601 1213 782 1255; x_wconf 83' lang='lat' dir='ltr'>incomptis</span> <span class='ocrx_word' id='word_1_138' title='bbox 797 1213 924 1244; x_wconf 87' lang='lat' dir='ltr'>adlinet</span> <span class='ocrx_word' id='word_1_139' title='bbox 939 1216 1050 1244; x_wconf 90' lang='lat' dir='ltr'>atrum</span> <span class='ocrx_word' id='word_1_140' title='bbox 1078 1227 1082 1234; x_wconf 92' lang='lat'><em>·</em></span> 
     </span>
    </p>

    <p class='ocr_par' dir='ltr' id='par_1_17' title="bbox 305 1263 1136 1361">
     <span class='ocr_line' id='line_1_22' title="bbox 305 1263 1136 1308; baseline -0.006 -8"><span class='ocrx_word' id='word_1_141' title='bbox 305 1273 492 1301; x_wconf 86' lang='lat' dir='ltr'>transverso</span> <span class='ocrx_word' id='word_1_142' title='bbox 508 1266 636 1299; x_wconf 84' lang='lat' dir='ltr'>calamo</span> <span class='ocrx_word' id='word_1_143' title='bbox 652 1266 797 1308; x_wconf 87' lang='lat' dir='ltr'>signum,</span> <span class='ocrx_word' id='word_1_144' title='bbox 817 1263 996 1296; x_wconf 87' lang='lat' dir='ltr'>ambitiosa</span> <span class='ocrx_word' id='word_1_145' title='bbox 1010 1263 1136 1296; x_wconf 90' lang='lat' dir='ltr'>recidet</span> 
     </span>
     <span class='ocr_line' id='line_1_23' title="bbox 306 1316 1102 1361; baseline -0.008 -8"><span class='ocrx_word' id='word_1_146' title='bbox 306 1324 515 1358; x_wconf 87' lang='lat' dir='ltr'>ornamenta,</span> <span class='ocrx_word' id='word_1_147' title='bbox 534 1329 653 1361; x_wconf 85' lang='lat' dir='ltr'>parum</span> <span class='ocrx_word' id='word_1_148' title='bbox 663 1318 760 1350; x_wconf 90' lang='lat' dir='ltr'>claris</span> <span class='ocrx_word' id='word_1_149' title='bbox 773 1317 882 1349; x_wconf 88' lang='lat' dir='ltr'>lucem</span> <span class='ocrx_word' id='word_1_150' title='bbox 898 1316 977 1348; x_wconf 90' lang='lat' dir='ltr'>dare</span> <span class='ocrx_word' id='word_1_151' title='bbox 993 1319 1102 1357; x_wconf 88' lang='lat' dir='ltr'>coget,</span> 
     </span>
    </p>

    <p class='ocr_par' dir='ltr' id='par_1_18' title="bbox 306 1357 1410 1517">
     <span class='ocr_line' id='line_1_24' title="bbox 306 1357 1410 1414; baseline -0.007 -10"><span class='ocrx_word' id='word_1_152' title='bbox 306 1376 422 1414; x_wconf 87' lang='lat' dir='ltr'>arguet</span> <span class='ocrx_word' id='word_1_153' title='bbox 437 1372 592 1413; x_wconf 86' lang='lat' dir='ltr'>ambigue</span> <span class='ocrx_word' id='word_1_154' title='bbox 608 1371 746 1408; x_wconf 87' lang='lat' dir='ltr'>dictum,</span> <span class='ocrx_word' id='word_1_155' title='bbox 765 1368 927 1401; x_wconf 89' lang='lat' dir='ltr'>mutanda</span> <span class='ocrx_word' id='word_1_156' title='bbox 941 1368 1085 1406; x_wconf 91' lang='lat' dir='ltr'>notabit,</span> <span class='ocrx_word' id='word_1_157' title='bbox 1400 1357 1410 1403; x_wconf 55' lang='grc' dir='ltr'>,ἶ</span> 
     </span>
     <span class='ocr_line' id='line_1_25' title="bbox 307 1419 1328 1462; baseline -0.009 -5"><span class='ocrx_word' id='word_1_158' title='bbox 307 1425 363 1457; x_wconf 90' lang='lat' dir='ltr'>fiet</span> <span class='ocrx_word' id='word_1_159' title='bbox 379 1423 594 1456; x_wconf 86' lang='lat' dir='ltr'>Aristarchus</span> <span class='ocrx_word' id='word_1_160' title='bbox 610 1434 618 1454; x_wconf 73' lang='grc' dir='ltr'><strong>ε</strong></span> <span class='ocrx_word' id='word_1_161' title='bbox 641 1432 712 1454; x_wconf 89' lang='lat' dir='ltr'>non</span> <span class='ocrx_word' id='word_1_162' title='bbox 728 1422 816 1454; x_wconf 85' lang='lat' dir='ltr'>dicet</span> <span class='ocrx_word' id='word_1_163' title='bbox 836 1422 844 1437; x_wconf 84' lang='lat'><strong><em>⁴</em></strong></span> <span class='ocrx_word' id='word_1_164' title='bbox 854 1431 912 1453; x_wconf 90' lang='lat' dir='ltr'>cur</span> <span class='ocrx_word' id='word_1_165' title='bbox 927 1430 990 1462; x_wconf 88' lang='lat' dir='ltr'>ego</span> <span class='ocrx_word' id='word_1_166' title='bbox 1006 1419 1151 1452; x_wconf 89' lang='lat' dir='ltr'>amicum</span> <span class='ocrx_word' id='word_1_167' title='bbox 1277 1431 1328 1456; x_wconf 85' lang='lat'>450</span> 
     </span>
     <span class='ocr_line' id='line_1_26' title="bbox 309 1471 1138 1517; baseline -0.007 -8"><span class='ocrx_word' id='word_1_168' title='bbox 309 1476 477 1509; x_wconf 85' lang='lat' dir='ltr'>offendam</span> <span class='ocrx_word' id='word_1_169' title='bbox 492 1477 527 1507; x_wconf 88' lang='lat' dir='ltr'>in</span> <span class='ocrx_word' id='word_1_170' title='bbox 542 1475 666 1517; x_wconf 83' lang='lat' dir='ltr'>nugis?</span> <span class='ocrx_word' id='word_1_171' title='bbox 679 1473 687 1488; x_wconf 87' lang='lat'>’</span> <span class='ocrx_word' id='word_1_172' title='bbox 710 1474 773 1506; x_wconf 87' lang='lat' dir='ltr'>hae</span> <span class='ocrx_word' id='word_1_173' title='bbox 789 1483 897 1515; x_wconf 89' lang='lat' dir='ltr'>nugae</span> <span class='ocrx_word' id='word_1_174' title='bbox 914 1473 999 1505; x_wconf 87' lang='lat' dir='ltr'>seria</span> <span class='ocrx_word' id='word_1_175' title='bbox 1014 1471 1138 1504; x_wconf 91' lang='lat' dir='ltr'>ducent</span> 
     </span>
    </p>

    <p class='ocr_par' dir='ltr' id='par_1_19' title="bbox 309 1523 1149 1568">
     <span class='ocr_line' id='line_1_27' title="bbox 309 1523 1149 1568; baseline -0.006 -8"><span class='ocrx_word' id='word_1_176' title='bbox 309 1529 343 1560; x_wconf 91' lang='lat' dir='ltr'>in</span> <span class='ocrx_word' id='word_1_177' title='bbox 358 1528 448 1560; x_wconf 88' lang='lat' dir='ltr'>mala</span> <span class='ocrx_word' id='word_1_178' title='bbox 462 1528 610 1560; x_wconf 86' lang='lat' dir='ltr'>derisum</span> <span class='ocrx_word' id='word_1_179' title='bbox 627 1527 731 1559; x_wconf 89' lang='lat' dir='ltr'>semel</span> <span class='ocrx_word' id='word_1_180' title='bbox 747 1530 991 1568; x_wconf 87' lang='lat' dir='ltr'>exceptumque</span> <span class='ocrx_word' id='word_1_181' title='bbox 1007 1523 1149 1556; x_wconf 88' lang='lat' dir='ltr'>sinistre.</span> 
     </span>
    </p>

    <p class='ocr_par' dir='ltr' id='par_1_20' title="bbox 308 1576 1187 1621">
     <span class='ocr_line' id='line_1_28' title="bbox 308 1576 1187 1621; baseline -0.006 -9"><span class='ocrx_word' id='word_1_182' title='bbox 308 1586 344 1612; x_wconf 91' lang='lat' dir='ltr'>ut</span> <span class='ocrx_word' id='word_1_183' title='bbox 359 1580 449 1612; x_wconf 80' lang='lat' dir='ltr'>mala</span> <span class='ocrx_word' id='word_1_184' title='bbox 464 1590 564 1621; x_wconf 90' lang='lat' dir='ltr'>quem</span> <span class='ocrx_word' id='word_1_185' title='bbox 580 1579 707 1611; x_wconf 83' lang='lat' dir='ltr'>scabies</span> <span class='ocrx_word' id='word_1_186' title='bbox 723 1582 779 1610; x_wconf 90' lang='lat' dir='ltr'>aut</span> <span class='ocrx_word' id='word_1_187' title='bbox 794 1578 930 1609; x_wconf 88' lang='lat' dir='ltr'>morbus</span> <span class='ocrx_word' id='word_1_188' title='bbox 946 1576 1055 1618; x_wconf 87' lang='lat' dir='ltr'>regius</span> <span class='ocrx_word' id='word_1_189' title='bbox 1069 1578 1187 1617; x_wconf 84' lang='lat' dir='ltr'>urguet</span> 
     </span>
    </p>

    <p class='ocr_par' dir='ltr' id='par_1_21' title="bbox 309 1629 1015 1667">
     <span class='ocr_line' id='line_1_29' title="bbox 309 1629 1015 1667; baseline -0.007 -2"><span class='ocrx_word' id='word_1_190' title='bbox 309 1638 365 1665; x_wconf 85' lang='lat' dir='ltr'>aut</span> <span class='ocrx_word' id='word_1_191' title='bbox 382 1632 544 1664; x_wconf 87' lang='lat' dir='ltr'>fanaticus</span> <span class='ocrx_word' id='word_1_192' title='bbox 560 1642 650 1663; x_wconf 90' lang='lat' dir='ltr'>error</span> <span class='ocrx_word' id='word_1_193' title='bbox 665 1635 697 1663; x_wconf 91' lang='lat' dir='ltr'>et</span> <span class='ocrx_word' id='word_1_194' title='bbox 715 1629 876 1662; x_wconf 83' lang='lat' dir='ltr'>iracunda</span> <span class='ocrx_word' id='word_1_195' title='bbox 893 1629 1015 1667; x_wconf 88' lang='lat' dir='ltr'>Diana,</span> 
     </span>
    </p>

    <p class='ocr_par' dir='ltr' id='par_1_22' title="bbox 309 1682 1134 1725">
     <span class='ocr_line' id='line_1_30' title="bbox 309 1682 1134 1725; baseline -0.006 -9"><span class='ocrx_word' id='word_1_196' title='bbox 309 1695 469 1716; x_wconf 76' lang='lat' dir='ltr'>vesanum</span> <span class='ocrx_word' id='word_1_197' title='bbox 486 1683 632 1725; x_wconf 89' lang='lat' dir='ltr'>tetigisse</span> <span class='ocrx_word' id='word_1_198' title='bbox 649 1683 769 1715; x_wconf 87' lang='lat' dir='ltr'>timent</span> <span class='ocrx_word' id='word_1_199' title='bbox 785 1682 980 1724; x_wconf 88' lang='lat' dir='ltr'>fugiuntque</span> <span class='ocrx_word' id='word_1_200' title='bbox 996 1683 1134 1723; x_wconf 89' lang='lat' dir='ltr'>poetam</span> 
     </span>
    </p>

    <p class='ocr_par' dir='ltr' id='par_1_23' title="bbox 311 1734 1218 1778">
     <span class='ocr_line' id='line_1_31' title="bbox 311 1734 1218 1778; baseline -0.004 -10"><span class='ocrx_word' id='word_1_201' title='bbox 311 1737 368 1778; x_wconf 91' lang='lat' dir='ltr'>qui</span> <span class='ocrx_word' id='word_1_202' title='bbox 385 1737 518 1778; x_wconf 88' lang='lat' dir='ltr'>sapiunt</span> <span class='ocrx_word' id='word_1_203' title='bbox 536 1748 543 1767; x_wconf 89' lang='lat'><strong>:</strong></span> <span class='ocrx_word' id='word_1_204' title='bbox 567 1736 694 1778; x_wconf 85' lang='lat' dir='ltr'>agitant</span> <span class='ocrx_word' id='word_1_205' title='bbox 710 1735 804 1778; x_wconf 86' lang='lat' dir='ltr'>pueri</span> <span class='ocrx_word' id='word_1_206' title='bbox 820 1734 1010 1775; x_wconf 89' lang='lat' dir='ltr'>incautique</span> <span class='ocrx_word' id='word_1_207' title='bbox 1027 1735 1218 1775; x_wconf 83' lang='lat' dir='ltr'>sequuntur.</span> 
     </span>
    </p>

    <p class='ocr_par' dir='ltr' id='par_1_24' title="bbox 309 1788 1084 1823">
     <span class='ocr_line' id='line_1_32' title="bbox 309 1788 1084 1823; baseline -0.004 -4"><span class='ocrx_word' id='word_1_208' title='bbox 309 1788 364 1820; x_wconf 90' lang='lat' dir='ltr'>hic</span> <span class='ocrx_word' id='word_1_209' title='bbox 380 1789 461 1819; x_wconf 90' lang='lat' dir='ltr'>dum</span> <span class='ocrx_word' id='word_1_210' title='bbox 478 1788 629 1820; x_wconf 88' lang='lat' dir='ltr'>sublimis</span> <span class='ocrx_word' id='word_1_211' title='bbox 645 1798 758 1820; x_wconf 89' lang='lat' dir='ltr'>versus</span> <span class='ocrx_word' id='word_1_212' title='bbox 773 1791 921 1819; x_wconf 85' lang='lat' dir='ltr'>ructatur</span> <span class='ocrx_word' id='word_1_213' title='bbox 936 1790 969 1817; x_wconf 90' lang='lat' dir='ltr'>et</span> <span class='ocrx_word' id='word_1_214' title='bbox 985 1788 1084 1823; x_wconf 87' lang='lat' dir='ltr'>errat,</span> 
     </span>
    </p>

    <p class='ocr_par' dir='ltr' id='par_1_25' title="bbox 310 1838 1045 1878">
     <span class='ocr_line' id='line_1_33' title="bbox 310 1838 1045 1878; baseline -0.004 -7"><span class='ocrx_word' id='word_1_215' title='bbox 310 1841 337 1872; x_wconf 92' lang='lat' dir='ltr'>si</span> <span class='ocrx_word' id='word_1_216' title='bbox 353 1840 456 1872; x_wconf 90' lang='lat' dir='ltr'>veluti</span> <span class='ocrx_word' id='word_1_217' title='bbox 472 1840 606 1872; x_wconf 81' lang='lat' dir='ltr'>meruiis</span> <span class='ocrx_word' id='word_1_218' title='bbox 619 1840 765 1872; x_wconf 90' lang='lat' dir='ltr'>intentus</span> <span class='ocrx_word' id='word_1_219' title='bbox 780 1838 905 1871; x_wconf 88' lang='lat' dir='ltr'>decidit</span> <span class='ocrx_word' id='word_1_220' title='bbox 921 1847 1045 1878; x_wconf 90' lang='lat' dir='ltr'>auceps</span> 
     </span>
    </p>

    <p class='ocr_par' dir='ltr' id='par_1_26' title="bbox 311 1887 1188 1934">
     <span class='ocr_line' id='line_1_34' title="bbox 311 1887 1188 1934; baseline -0.007 -10"><span class='ocrx_word' id='word_1_221' title='bbox 311 1892 344 1923; x_wconf 90' lang='lat' dir='ltr'>in</span> <span class='ocrx_word' id='word_1_222' title='bbox 361 1898 499 1934; x_wconf 83' lang='lat' dir='ltr'>puteum</span> <span class='ocrx_word' id='word_1_223' title='bbox 515 1893 697 1930; x_wconf 83' lang='lat' dir='ltr'>foveamve,</span> <span class='ocrx_word' id='word_1_224' title='bbox 716 1891 795 1923; x_wconf 89' lang='lat' dir='ltr'>licet</span> <span class='ocrx_word' id='word_1_225' title='bbox 815 1891 824 1906; x_wconf 93' lang='lat'>‘</span> <span class='ocrx_word' id='word_1_226' title='bbox 834 1889 1012 1922; x_wconf 89' lang='lat' dir='ltr'>succurrite</span> <span class='ocrx_word' id='word_1_227' title='bbox 1024 1887 1033 1902; x_wconf 83' lang='lat'>²</span> <span class='ocrx_word' id='word_1_228' title='bbox 1049 1887 1188 1929; x_wconf 87' lang='lat' dir='ltr'>longum</span> 
     </span>
    </p>

    <p class='ocr_par' dir='ltr' id='par_1_27' title="bbox 311 1940 1331 1984">
     <span class='ocr_line' id='line_1_35' title="bbox 311 1940 1331 1984; baseline -0.007 -9"><span class='ocrx_word' id='word_1_229' title='bbox 311 1944 433 1976; x_wconf 85' lang='lat' dir='ltr'>clamet</span> <span class='ocrx_word' id='word_1_230' title='bbox 454 1944 506 1976; x_wconf 86' lang='lat' dir='ltr'>‘io</span> <span class='ocrx_word' id='word_1_231' title='bbox 522 1944 610 1976; x_wconf 87' lang='lat' dir='ltr'>cives</span> <span class='ocrx_word' id='word_1_232' title='bbox 626 1942 652 1976; x_wconf 72' lang='lat'>2&#39;</span> <span class='ocrx_word' id='word_1_233' title='bbox 676 1953 745 1976; x_wconf 91' lang='lat' dir='ltr'>non</span> <span class='ocrx_word' id='word_1_234' title='bbox 760 1942 802 1975; x_wconf 93' lang='lat' dir='ltr'>sit</span> <span class='ocrx_word' id='word_1_235' title='bbox 817 1941 874 1984; x_wconf 88' lang='lat' dir='ltr'>qui</span> <span class='ocrx_word' id='word_1_236' title='bbox 890 1940 1008 1974; x_wconf 85' lang='lat' dir='ltr'>tollere</span> <span class='ocrx_word' id='word_1_237' title='bbox 1024 1944 1125 1972; x_wconf 88' lang='lat' dir='ltr'>curet.</span> <span class='ocrx_word' id='word_1_238' title='bbox 1279 1943 1331 1975; x_wconf 89' lang='lat'>460</span> 
     </span>
    </p>
   </div>
   <div class='ocr_carea' id='block_1_3' title="bbox 1055 2071 1410 2283">
    <p class='ocr_par' dir='ltr' id='par_1_28' title="bbox 1055 2071 1410 2283">
     <span class='ocr_line' id='line_1_36' title="bbox 1055 2071 1410 2283; baseline 0 0"><span class='ocrx_word' id='word_1_239' title='bbox 1055 2282 1058 2283; x_wconf 5' lang='grc' dir='ltr'><em>ξ</em></span> <span class='ocrx_word' id='word_1_240' title='bbox 1115 2071 1410 2283; x_wconf 41' lang='lat' dir='ltr'><em>A</em></span> 
     </span>
    </p>
   </div>
  </div>
 </body>
</html>
