1410 2283
322 152 382 173 200
601 142 636 180 Q.
669 141 798 171 HORA
809 141 858 173 TI
881 140 1052 171 FLACCI
1268 140 1330 181 [111.

321 217 401 258 quid
418 216 582 258 sculptum
600 215 737 254 infabre,
752 215 832 257 quid
848 214 955 246 susum
971 214 1084 247 durius
1100 219 1205 254 esset3

322 268 461 300 callidus
476 268 551 299 huic
568 268 663 309 signo
679 267 844 309 ponebam
861 266 953 298 milia
969 270 1101 298 centum
1115 278 1126 306 3

322 320 436 352 hortos
451 320 664 361 egregiasque
681 319 798 350 domos
815 313 989 350 mercarier
1005 328 1089 350 unus

323 382 397 403 cum
415 372 505 403 lucro
522 382 637 403 noram
653 382 662 410 ;
687 371 774 402 unde
792 370 975 412 frequentia
993 369 1191 402 Mercuriale

322 424 508 465 imposuere
524 423 605 454 mihi
622 433 806 464 cognomen
823 420 994 464 compita.’
1038 421 1128 460 novi,

323 480 354 507 ct
372 475 472 506 miror
488 474 594 506 morbi
613 479 789 516 purgatum
806 478 838 505 te
854 473 951 505 illius.
1007 473 1118 515 ‘atqui

322 526 445 558 emovit
464 531 606 558 veterem
624 525 705 556 mire
722 535 837 564 novus,
858 530 893 556 ut
909 524 1004 563 solet,
1024 524 1058 556 in
1075 535 1132 556 cor

322 578 460 609 traiecto
476 577 587 609 lateris
603 577 713 608 miseri
731 577 890 618 capitisve
906 576 1043 614 dolore;

321 636 356 661 ut
368 629 566 671 lethargicus
579 629 643 667 hie,
657 639 732 660 cum
745 628 779 660 sit
793 628 883 670 pugil
896 633 927 660 et
941 628 1105 660 medicum
1115 627 1257 670 urguet.'
1305 644 1338 667 30

322 681 400 712 dum
416 692 457 713 ne
474 681 552 722 quid
569 681 676 712 simile
692 680 778 718 huic,
799 685 870 712 esto
885 685 920 711 ut
937 680 1028 712 libet.
1081 680 1117 711 ‘o
1132 680 1232 718 bone,
1246 691 1287 712 ne
1304 685 1336 713 te

322 733 486 770 srustrere,
508 732 632 764 insanis
647 736 679 764 et
695 736 731 763 tu
747 731 904 772 stultique
920 741 1025 773 prope
1041 741 1167 770 omnes,

321 784 430 826 siquid
449 784 625 816 Stertinius
638 783 705 815 veri
722 787 845 824 crepat,
865 783 953 814 unde
969 793 1032 824 ego
1048 783 1132 814 mira

320 835 478 877 descripsi
495 835 612 866 docilis
628 830 804 876 praecepta
820 833 912 872 haec,
933 838 1081 876 tempore
1098 845 1164 876 quo
1179 845 1252 873 me⁴

321 888 445 919 solatus
461 887 553 918 iussit
570 886 753 928 sapientem
770 896 903 928 pascere
919 886 1068 925 barbam,

319 944 418 981 atque
435 949 454 970 a
471 938 624 969 Fabricio
640 948 707 969 non
723 938 849 970 tristem
865 942 968 979 ponte
983 938 1113 970 reverti.

320 1001 408 1029 nam,
428 990 514 1022 male
530 1000 564 1021 re
580 994 682 1031 gesta,
702 1000 777 1021 cum
794 989 913 1021 vellem
930 990 1060 1034 mittere
1076 994 1192 1032 operto

319 1053 373 1073 me
389 1042 497 1083 capite
513 1041 547 1072 in
564 1041 698 1079 flumen,
718 1041 834 1072 dexter
850 1041 939 1072 stetit
956 1045 988 1072 et
1009 1041 1032 1056 ‘⁴
1043 1051 1124 1073 cave
1140 1041 1224 1072 saxis

320 1099 352 1125 te
362 1093 539 1135 quicquam
551 1092 724 1133 indignum
740 1104 746 1123 :
763 1092 871 1134 pudor
882 1090 901 1104 ”
913 1092 1020 1134 inquit
1035 1093 1096 1124 “te
1109 1093 1215 1124 malus
1226 1093 1329 1134 angit,

320 1145 453 1176 insanos
469 1145 524 1186 qui
541 1145 626 1175 inter
642 1155 773 1175 vereare
790 1144 925 1175 insanus
939 1143 1066 1176 haberi.
1300 1160 1334 1183 40

319 1196 462 1238 primurn
479 1207 556 1227 nam
573 1196 735 1237 inquiram
752 1195 832 1237 quid
848 1195 890 1227 sit
906 1195 1012 1227 furere
1030 1207 1037 1226 :
1059 1195 1124 1227 hoc
1136 1195 1164 1227 si
1177 1196 1237 1228 erit
1250 1195 1284 1228 in
1300 1201 1333 1228 te

318 1248 400 1286 solo,
420 1248 468 1279 nil
485 1248 585 1285 verbi,
606 1258 722 1289 pereas
737 1248 817 1288 quin
833 1246 970 1286 sortiter,
990 1247 1123 1279 addam.

318 1310 417 1341 quem
433 1299 521 1330 mala
538 1299 676 1330 stultitia
692 1303 724 1331 et
740 1309 983 1340 quemcumque
999 1298 1129 1330 inscitia
1143 1299 1214 1330 veri

318 1362 452 1383 caecum
468 1351 546 1392 agit,
568 1351 719 1382 insanum
737 1350 917 1393 Chrysippi
933 1349 1079 1392 porticus
1095 1354 1127 1382 et
1143 1361 1224 1392 grex

318 1407 476 1434 autumat.
526 1403 606 1434 haee
622 1402 773 1444 populos,
793 1402 876 1434 haec
891 1412 1030 1444 magnos
1045 1402 1187 1434 formula
1202 1413 1306 1444 reges,

318 1459 456 1496 excepto
473 1454 631 1495 sapiente,
651 1458 749 1486 tenet.
799 1464 888 1485 nunc
904 1454 1018 1496 accipe
1033 1464 1136 1495 quare

317 1506 483 1547 desipiant
500 1515 614 1537 ornnes
630 1515 734 1546 aeque
750 1515 788 1537 ac
804 1510 850 1543 tu,
870 1506 926 1547 qui
943 1505 1004 1536 tibi
1019 1515 1142 1537 nomen

316 1558 432 1589 insano
443 1567 590 1599 posuere.
638 1557 729 1588 velut
745 1556 845 1594 silvis,
864 1557 922 1588 ubi
938 1557 1062 1598 passim

316 1609 456 1650 palantis
473 1619 562 1640 error
577 1613 666 1640 certo
682 1608 724 1640 de
739 1609 871 1640 tramite
887 1609 991 1650 pellit,

316 1660 370 1691 ille
387 1660 609 1692 sinistrorsum
624 1660 679 1691 hic
690 1660 898 1692 dextrorsum
915 1660 994 1699 abit,
1014 1670 1098 1692 unus
1112 1659 1242 1701 utrique
1298 1674 1331 1699 50

316 1722 414 1749 error,
435 1711 493 1743 sed
509 1712 606 1743 variis
623 1711 731 1743 illudit
747 1712 897 1753 partibus
909 1723 919 1751 3
942 1711 1008 1744 hoc
1023 1716 1056 1743 te

316 1763 412 1794 crede
429 1763 529 1794 modo
545 1763 708 1802 insanum,
728 1763 834 1794 nihilo
850 1767 887 1794 ut
903 1762 1083 1806 sapientior
1098 1761 1155 1793 ille

315 1815 371 1856 qui
389 1820 420 1846 te
436 1815 563 1846 deridet
580 1815 721 1846 caudam
737 1815 857 1846 trahat.
906 1819 956 1846 est
970 1824 1074 1856 genus
1089 1824 1193 1844 unum

315 1866 472 1897 stultitiae
489 1866 631 1897 nihilum
647 1867 825 1898 metuenda
841 1866 999 1904 timentis,
1019 1869 1056 1897 ut
1072 1865 1168 1906 ignis,

314 1922 350 1948 ut
367 1917 456 1958 rupis
473 1917 657 1960 fluviosque
674 1918 708 1949 in
723 1928 844 1960 campo
861 1917 993 1949 obstare
1009 1921 1164 1959 queratur
1179 1928 1187 1948 ι
