1410 2283
261 124 318 162 ιφ
533 122 568 160 ρ.
599 119 730 151 HORA
740 119 788 149 T!
812 117 983 149 FLACCI
1221 112 1273 155 [n.

258 203 429 240 tamquam
446 195 487 227 ad
500 206 569 228 rem
583 195 720 227 attineat
733 193 923 237 quicquam.
964 200 1046 224 num
1058 188 1200 223 vesceris
1215 189 1279 222 ista

257 260 358 291 quam
375 248 491 280 laudas
508 248 648 290 pluma?
670 252 766 279 cocto
783 255 862 278 num
879 245 973 277 adest
986 243 1096 276 honor
1111 242 1228 275 idem?

258 312 357 333 carne
373 307 495 338 tamen,
517 299 669 342 quamvis
684 299 785 330 distat
802 297 898 337 nihil,
916 296 980 328 hac
995 295 1104 338 magis
1118 294 1187 327 illa.

260 353 444 395 imparibus
460 352 575 384 formis
591 352 768 393 deceptum
783 356 815 382 te
831 354 932 392 patet.
981 352 1065 381 esto.
1248 360 1282 385 30

261 406 347 437 unde
364 405 480 436 datum
496 404 607 442 sentis,
628 403 726 445 lupus
742 402 795 434 hic
812 401 991 433 Tiberinus
1005 410 1048 432 an
1065 398 1135 431 alto

262 464 378 499 captus
395 457 474 495 hiet,
496 456 651 498 pontisne
669 455 754 487 inter
771 454 911 486 iactatus
928 463 971 485 an
987 452 1096 484 amnis

262 510 347 541 ostia
363 509 424 540 sub
441 509 567 540 Tusci?
590 507 716 546 laudas,
738 507 863 545 insane,
883 505 1047 538 trilibrem

264 562 413 599 mullum,
432 561 465 592 in
482 559 612 602 singula
625 569 723 602 quem
737 559 866 590 minuas
883 557 1057 600 pulmenta
1068 565 1203 588 necesse
1218 559 1278 586 est.

263 614 353 645 ducit
371 618 402 644 te
419 613 555 654 species,
576 611 685 643 video.
736 621 803 653 quo
819 610 962 652 pertinet
979 619 1059 651 ergo

266 675 421 707 proceros
437 665 547 696 odisse
564 664 661 706 lupos
673 664 688 695 Ρ
709 663 787 705 quia
804 661 927 694 scilicet
944 660 1011 693 illis

266 717 426 748 maiorem
443 721 560 747 natura
576 715 713 746 modum
730 713 833 752 dedit,
852 713 904 745 his
919 713 1020 745 breve
1035 711 1177 754 ponduS.

267 768 396 800 ieiunus
412 778 486 799 raro
503 767 694 799 stomachus
710 766 859 808 volgaria
875 765 1004 797 temnit.

271 822 280 836 ‘
292 825 480 862 porrectum
496 829 619 861 magno
636 828 794 860 magnum
810 822 959 859 spectare
975 815 1090 848 catino

267 873 389 904 vellem
400 870 407 883 '
424 871 470 903 ait
488 870 648 912 Harpyiis
664 870 741 912 gula
756 870 858 911 digna
875 868 1059 911 rapacibus.
1109 872 1144 900 at
1159 877 1218 900 vos
1255 882 1290 906 ⁴0

270 929 461 967 praesentes
477 923 603 958 Austri.
614 922 748 964 coquite
760 921 878 954 horum
892 920 1042 953 obsonia.
1083 930 1289 963 quamquam

270 981 364 1019 putet
380 987 460 1018 aper
477 975 700 1016 rhombusque
718 984 841 1012 recens,
861 973 950 1004 mala
965 973 1063 1014 copia
1078 972 1215 1015 quando

270 1039 406 1070 aegrum
423 1026 581 1059 sollicitat
598 1025 817 1064 stomachum,
837 1035 912 1058 cum
930 1024 1046 1067 rapula
1061 1023 1180 1066 plenus

271 1087 371 1122 atque
387 1079 500 1111 acidas
516 1078 641 1109 mavolt
659 1077 776 1109 inulas.
826 1077 970 1109 necdum
987 1076 1096 1109 omnis
1112 1076 1232 1109 abacta

274 1132 448 1174 pauperies
465 1131 571 1173 epulis
588 1140 722 1172 regum:
750 1139 829 1161 nam
846 1128 968 1160 vilibus
983 1128 1056 1161 ovis

273 1184 442 1226 nigrisque
458 1189 507 1214 est
524 1182 606 1214 oleis
622 1182 723 1214 hodie
739 1181 840 1214 locus.
890 1180 980 1212 haud
997 1180 1043 1213 ita
1059 1179 1189 1223 pridem

277 1235 412 1268 Galloni
429 1235 601 1277 praeconis
617 1239 686 1266 erat
703 1233 894 1276 acipensere
911 1243 1026 1265 mensa

276 1288 418 1320 infamis.
459 1287 566 1329 quid?
590 1293 660 1318 tum
677 1285 836 1318 rhombos
851 1285 962 1317 minus
978 1294 1125 1328 aequora
1139 1283 1298 1317 alebant?

276 1346 366 1372 tutus
380 1345 449 1371 erat
466 1339 625 1371 rhombus
642 1343 778 1380 tutoque
791 1337 920 1369 ciconia
936 1336 1027 1375 nido,

277 1393 384 1424 donec
399 1402 458 1423 vos
474 1396 588 1422 auctor
603 1389 716 1422 docuit
733 1389 927 1432 praetorius.
978 1399 1060 1431 ergo
1263 1401 1300 1426 50

279 1444 382 1486 siquis
398 1453 485 1475 nunc
502 1453 632 1484 mergos
648 1441 757 1474 suavis
773 1441 912 1473 edixerit
927 1451 1030 1480 assos,

280 1495 411 1538 parebit
427 1495 521 1537 pravi
536 1494 654 1526 docilis
673 1494 825 1525 Romana
841 1493 1004 1526 iuventus.

281 1547 434 1579 sordidus
451 1557 470 1578 a
486 1546 577 1578 tenui
594 1546 682 1578 victu
698 1545 844 1583 distabit,
867 1544 980 1577 Ofello

282 1599 402 1631 iudice.
446 1608 525 1630 narn
541 1598 660 1629 frustra
676 1597 793 1628 vitium
809 1597 964 1629 vitaveris
980 1596 1066 1629 illud

283 1651 310 1682 si
327 1656 359 1682 te
376 1650 442 1682 alio
458 1660 598 1692 pravum
614 1649 801 1680 detorseris.
852 1649 1054 1688 Avidienus‚

285 1702 338 1734 cui
354 1701 457 1734 Canis
472 1711 514 1733 ex
529 1711 608 1733 vero
623 1701 761 1732 ductum
777 1711 966 1743 cognomen
981 1701 1152 1740 adhaeret,

285 1753 507 1796 quinquennis
523 1752 614 1784 oleas
629 1757 679 1784 est
695 1757 728 1784 et
743 1752 908 1784 silvestria
923 1763 1035 1792 corna,

285 1816 325 1838 ac
339 1805 404 1838 nisi
419 1809 583 1836 mutatum
599 1804 704 1846 parcit
720 1803 902 1836 defundere
917 1804 1043 1843 vinum,
1061 1807 1097 1836 et

287 1857 379 1890 cuius
394 1857 533 1889 odorem
548 1856 614 1888 olei
628 1866 774 1898 nequeas
789 1855 945 1897 perferre,
963 1855 1079 1889 licebit

289 1909 346 1941 ille
361 1909 500 1951 repotia,
519 1907 640 1940 natalis
656 1907 782 1940 aliosve
797 1907 927 1939 dierum
1173 1934 1176 1937 .
1270 1909 1306 1936 6ο
