1410 2283
274 189 333 213 110

553 181 588 218 Q.
620 178 751 209 HORA
762 178 810 208 TI
834 174 1005 208 FLACCI

448 259 523 298 post
540 254 604 287 hoc
620 253 773 286 secundis
788 263 892 295 usque
906 251 1078 285 laboribus

451 307 605 339 Romana
621 306 726 348 pubes
742 305 856 344 crevit,
875 310 908 337 et
925 304 1032 347 impio

493 364 622 390 vastata
641 359 828 390 Poenorum
845 356 991 389 tumultu

538 410 615 442 sana
630 410 711 442 deos
727 410 873 441 habuere
890 414 997 440 rectos
1010 419 1020 447 ;

451 513 600 555 dixitque
617 512 752 544 tandem
769 511 915 554 perfidus
932 509 1107 542 Hannibal
1123 519 1131 542 :

456 567 464 581 ‘
476 565 575 603 cervi,
595 564 750 606 luporum
767 563 890 606 praeda
906 562 1087 605 rapacium,

495 622 660 650 sectamur
676 616 774 653 ultro,
794 625 877 658 quos
893 615 1026 657 opimus

540 668 654 700 fallere
670 673 703 700 et
719 667 862 710 effugere
878 672 927 700 est
945 664 1145 708 triumphus.

451 781 543 813 gens,
563 780 649 812 quae
665 774 812 802 cremato
828 768 922 800 sortis
936 768 980 800 ab
997 767 1062 800 Ilio

452 823 575 855 iactata
592 822 709 853 Tuscis
726 820 926 863 aequoribus
942 830 1035 852 sacra
1088 832 1093 835 ’

497 880 659 916 natosque
675 879 888 914 maturosque
904 876 1015 914 patres

538 926 673 969 pertulit
690 925 857 957 Ausonias
873 924 916 955 ad
932 923 1040 962 urbes,

452 1029 542 1061 duris
559 1033 594 1060 ut
611 1028 675 1060 ilex
692 1031 787 1059 tonsa
803 1026 1004 1068 bipennibus

454 1082 567 1123 nigrae
584 1080 683 1112 feraci
699 1079 825 1111 frondis
841 1079 875 1110 in
890 1078 1030 1120 Algido,

497 1144 556 1176 per
567 1132 700 1170 damna,
721 1142 780 1173 per
795 1130 915 1169 caedis,
935 1130 980 1162 ab
996 1130 1072 1172 ipso

541 1184 631 1216 ducit
647 1194 727 1225 opes
743 1183 958 1224 animumque
973 1181 1069 1214 ferro.

455 1297 522 1320 non
539 1286 660 1328 Hydra
672 1291 763 1318 secto
779 1295 916 1327 corpore
933 1283 1060 1316 firmior

454 1339 542 1371 vinci
559 1338 728 1370 dolentem
745 1337 848 1369 crevit
865 1336 899 1368 in
917 1335 1110 1376 Herculem,

498 1396 725 1423 monstrumve
743 1388 924 1421 submisere
941 1387 1062 1421 Colchi

543 1442 649 1474 maius
666 1440 891 1474 Echioniaeve
907 1439 1058 1472 Thebae.

455 1555 580 1577 merses
596 1543 773 1586 profundo,
793 1541 963 1585 pulchrior
978 1542 1088 1575 evenit
1106 1554 1116 1582 ;

456 1597 592 1635 luctere,
609 1595 715 1628 multa
731 1599 866 1638 proruet
882 1594 1050 1637 integrum

499 1659 575 1681 cum
591 1647 690 1680 laude
705 1648 866 1679 victorem
882 1650 1041 1688 geretque

545 1700 673 1742 proelia
690 1698 887 1741 coniugibus
902 1697 1081 1740 loquenda.

1093 1746 1102 1759 Ι

459 1801 657 1844 Carthagini
673 1802 740 1834 iam
756 1811 825 1833 non
841 1810 904 1841 ego
920 1799 1056 1832 nuntios

458 1853 590 1885 mittam
606 1853 786 1895 superbos:
809 1851 933 1884 occidit
949 1850 1073 1884 occidit

503 1913 578 1946 spes
594 1905 704 1936 omnis
717 1908 750 1936 et
766 1903 900 1935 fortuna
914 1902 1022 1935 nostri

545 1954 691 1986 nominis
708 1953 922 1986 Hasdrubale
935 1949 1163 1994 interempto.’

1232 175 1294 216 [iv.

1273 1864 1307 1889 7⁰
