1458 2315
125 142 181 185 11.]
339 144 701 176 EPISTULARUM
721 145 868 176 LIBER
895 146 941 177 II.
1102 153 1162 184 271

122 219 182 253 ille
197 218 283 253 ferat
299 220 448 263 pretium
464 230 596 263 poenae
614 230 759 260 securus,
779 221 912 264 opinor.

123 273 274 316 prudens
290 273 402 306 emisti
419 273 579 306 vitiosum
593 285 604 313 ;
629 273 720 306 dicta
736 274 798 306 tibi
815 279 865 306 est
881 273 935 306 lex
951 285 960 306 ε

124 326 310 368 insequeris
325 332 440 358 tamen
456 326 547 358 hunc
561 331 596 358 et
613 326 672 358 lite
688 326 828 358 moraris
845 326 969 368 iniqua..

122 378 195 411 dixi
210 389 266 410 me
282 379 416 422 pigrum
432 379 659 421 proficiscenti
674 379 747 418 tibi,
767 379 839 410 dixi
1130 393 1165 410 20

123 431 249 463 talibus
266 431 384 464 officiis
401 442 506 474 prope
523 442 693 470 mancum,
713 442 756 463 ne
772 442 848 463 mea
865 442 984 464 saevus

123 483 273 526 iurgares
290 484 334 515 ad
351 489 383 516 te
398 484 494 526 quod
510 484 654 526 epistula
670 484 762 515 nulla
779 484 913 516 rediret.

123 537 207 579 quid
224 541 295 568 tum
314 536 451 579 profeci,
473 547 606 568 mecum
624 535 782 568 facientia
798 537 871 568 iura

123 589 152 621 si
169 594 284 621 tamen
301 591 508 631 attemptas?
531 589 679 631 quereris
695 600 796 631 super
810 589 875 621 hoc
893 589 1006 629 etiam,
1026 588 1118 631 quod

123 646 319 684 exspectata
335 642 397 674 tibi
414 652 482 674 non
498 642 632 673 mittam
648 642 799 674 carmina
815 642 970 674 mendax.

124 694 259 727 Luculli
277 694 374 727 miles
391 694 534 726 collecta
549 694 673 726 viatica
690 694 804 726 multis

122 747 303 785 aerumnis,
324 747 430 779 lassus
446 747 528 778 dum
544 751 647 779 noctu
664 747 783 785 stertit,
804 747 846 779 ad
864 758 974 780 assem

122 799 316 842 perdiderat
334 812 341 832 :
367 804 444 842 post
461 799 526 831 hoc
543 809 680 831 vemens
697 798 806 841 lupus,
823 805 857 832 et
874 800 938 832 sibi
955 805 988 832 et
1004 799 1095 832 hosti

122 851 226 884 iratus
244 852 381 894 pariter,
403 851 523 884 ieiunis
539 851 698 884 dentibus
714 862 800 891 acer,

122 904 330 947 praesidium
346 904 459 947 regale
476 904 552 936 loco
567 904 700 943 deiecit,
721 909 757 936 ut
774 904 878 943 aiunt,
1131 920 1165 945 30

122 966 254 990 summe
269 957 401 989 munito
417 962 451 989 et
468 956 651 989 multarum
666 956 772 989 divite
789 968 909 990 rerum.

123 1009 233 1042 clarus
250 1010 295 1042 ob
311 1010 347 1042 id
363 1010 489 1042 sactum
505 1009 604 1041 donis
621 1014 758 1041 ornatur
773 1009 934 1048 honestis,

70 1065 76 1070 '
121 1062 246 1105 accipit
262 1067 295 1095 et
311 1062 365 1095 bis
381 1063 468 1094 dena
485 1072 585 1104 super
600 1062 752 1093 sestertia
768 1072 954 1094 nummum.

122 1113 209 1147 sorte
225 1115 288 1147 sub
304 1114 369 1147 hoc
386 1119 520 1156 tempus
536 1113 712 1146 castellum
728 1120 876 1146 evertere
892 1118 1028 1156 praetor

122 1168 238 1200 nescio
255 1167 347 1210 quod
363 1167 503 1210 cupiens
519 1166 645 1199 hortari
663 1166 773 1209 coepit
790 1167 935 1199 eundem

123 1220 245 1261 verbis,
268 1231 354 1263 quae
371 1219 492 1252 timido
509 1229 644 1262 quoque
657 1225 794 1261 possent
812 1219 935 1251 addere
951 1224 1100 1253 mentem
1118 1232 1126 1252 :

127 1274 138 1289 ‘
151 1273 172 1313 i,
193 1274 292 1314 bone,
310 1284 378 1317 quo
397 1273 500 1304 virtus
517 1276 574 1304 tua
591 1277 624 1304 te
641 1276 749 1310 vocat,
771 1271 781 1303 i
798 1272 885 1314 pede
904 1272 1022 1312 fausto,

122 1327 266 1369 grandia
281 1327 406 1359 laturus
423 1325 617 1358 meritorum
636 1324 795 1367 praemia.
845 1324 927 1367 quid
944 1324 1048 1358 stas?’

123 1384 201 1421 post
217 1379 301 1412 haec
317 1380 374 1413 ille
391 1384 494 1418 catus,
513 1377 728 1420 quantumvis
746 1376 897 1415 rusticus,
923 1378 1015 1419 ‘ibit,

123 1431 187 1464 ibit
203 1443 244 1465 eo
259 1443 328 1475 quo
344 1433 394 1465 vis
410 1432 467 1475 qui
485 1441 603 1463 zonam
621 1428 779 1472 perdidit’
800 1429 918 1472 inquit.
1127 1447 1162 1471 40

125 1483 257 1518 Romae
271 1486 390 1518 nutriri
407 1485 489 1517 mihi
505 1483 646 1524 contigit
664 1489 763 1524 atque
779 1482 893 1514 doceri

123 1536 228 1570 iratus
245 1538 344 1571 Grais
360 1543 524 1581 quantum
543 1536 709 1568 nocuisset
726 1534 888 1567 Achilles.

123 1590 277 1623 adiecere
294 1591 404 1623 bonae
423 1590 524 1633 paulo
542 1589 617 1632 plus
634 1588 714 1620 artis
730 1587 896 1625 Athenae,

125 1642 251 1676 scilicet
267 1649 303 1676 ut
319 1654 453 1686 possem
471 1653 573 1674 curvo
589 1642 786 1684 dignoscere
803 1645 941 1677 rectum,

124 1700 226 1738 atque
242 1696 328 1728 inter
344 1696 444 1728 silvas
461 1694 626 1727 Academi
642 1703 801 1736 quaerere
817 1702 943 1724 verum.

124 1746 209 1780 dura
225 1749 284 1781 sed
300 1758 455 1781 emovere
474 1747 549 1779 loco
566 1757 620 1779 me
637 1751 790 1788 tempora
803 1750 908 1787 grato,

124 1799 300 1844 civilisque
316 1801 433 1833 rudem
450 1799 532 1832 belli
550 1798 626 1831 tulit
642 1805 753 1832 aestus
770 1799 803 1830 in
821 1807 914 1830 arma

125 1852 280 1886 Caesaris
296 1853 442 1896 Augusti
460 1863 528 1884 non
547 1861 748 1893 responsura
765 1850 908 1883 lacertis.

126 1906 215 1939 unde
231 1906 330 1939 simui
348 1906 493 1949 primum
510 1915 564 1937 me
581 1903 737 1936 dimisere
755 1903 918 1946 Philippi,

125 1957 248 1992 decisis
263 1958 426 1991 humilem
443 1956 562 2000 pennis
580 1956 783 1998 inopemque
800 1956 931 1999 paterni
1127 1971 1163 1997 50
