1458 2315
95 129 151 170 IL]
338 129 397 160 SA
407 129 640 160 TJRARUM
661 129 807 159 LIBER
835 130 881 160 ll.
1079 138 1137 170 195

92 203 351 248 iudiciumque.’
396 209 481 246 esto,
500 205 604 248 siquis
620 204 711 238 mala
726 217 734 237 ε
758 205 816 238 sed
833 205 925 237 bona
941 204 1047 249 siquis

94 259 206 292 iudice
223 257 413 291 condiderit
429 259 586 291 laudatus
603 259 749 292 Caesare
760 259 776 290 ?
800 258 905 301 siquis

95 311 289 354 opprobriis
305 311 447 354 dignum
463 311 646 351 latraverit,
667 311 798 353 integer
814 311 886 353 ipse
899 312 914 344 ?

100 365 109 381 ‘
123 365 298 398 solventur
314 364 380 397 risu
398 364 545 405 tabulae,
568 369 604 397 tu
618 364 739 396 missus
756 362 891 396 abibis)

96 571 144 606 ΙΙ.
289 571 391 605 UAE
406 571 512 604 virtus
529 575 561 604 et
579 575 717 614 quanta,
732 569 824 610 boni,
840 570 882 603 sit
899 570 1012 604 vivere
1029 582 1134 614 parvo

307 635 415 658 —nec
432 635 527 657 meus
543 624 598 657 hic
614 634 725 657 sermo
739 628 799 665 est,
818 624 877 656 sed
894 635 981 667 quae
996 635 1131 667 praece-

406 678 459 720 pit
476 677 608 710 Ofellus

94 730 247 771 rusticus,
267 730 440 764 abnormis
457 731 590 773 sapiens
608 740 786 772 crassaque
803 729 1006 762 Minerva—-

93 783 225 823 discite,
246 795 315 816 non
331 783 419 816 inter
434 783 548 816 lances
564 793 767 825 mensasque
782 783 932 824 nitentis,

94 847 171 869 cum
189 840 300 879 stupet
317 836 443 869 insanis
459 836 551 868 acies
566 836 754 878 fulgoribus
771 840 804 868 et
820 846 898 868 cum

94 889 235 922 acclinis
251 889 345 922 falsis
361 889 495 922 animus
511 889 656 921 meliora
672 892 815 929 recusat,

94 953 213 975 verum
228 942 285 975 hic
302 942 463 985 impransi
479 952 614 974 mecum
630 941 821 984 disquirite.
872 940 882 957 ‘
892 951 949 974 cur
965 940 1030 974 hoc
1041 942 1055 974 ?
1068 939 1076 955 ’

97 995 220 1035 dicam,
241 994 269 1028 si
285 999 415 1038 potero.
461 995 551 1027 male
568 1005 685 1027 verum
701 994 872 1027 examinat
888 994 999 1027 omnis

95 1051 273 1090 corruptus
289 1047 401 1080 iudex·
451 1046 603 1089 leporem
620 1051 765 1079 sectatus
782 1056 912 1089 equove

95 1098 202 1132 l‘assus
219 1100 263 1132 ab
279 1099 446 1132 indomito
462 1099 526 1138 vel,
546 1099 574 1131 si
593 1099 750 1131 Romana
768 1098 888 1140 fatigat
1102 1114 1133 1129 ιο

97 1152 220 1184 militia
235 1151 412 1184 adsuetum
429 1151 590 1194 graecari,
612 1161 669 1184 seu
687 1151 758 1193 pila
774 1150 885 1190 velox,

96 1205 246 1237 molliter
260 1209 430 1236 austerum
446 1204 558 1236 studio
574 1203 712 1235 fallente
729 1203 892 1241 laborem,

97 1268 155 1291 seu
172 1261 204 1290 te
221 1257 332 1290 discus
349 1256 431 1299 agit,
452 1260 530 1299 pete
546 1256 724 1288 cedentem
741 1265 819 1288 aera
836 1255 929 1287 disco
946 1267 953 1287 :

97 1321 175 1343 cum
191 1309 289 1342 labor
304 1309 472 1342 extuderit
489 1308 635 1347 fastidia,
656 1308 773 1347 siccus,
793 1308 902 1340 inanis

98 1373 219 1406 sperne
234 1362 349 1395 cibum
365 1361 467 1394 vilem
484 1373 494 1401 ς
517 1361 581 1392 nisi
601 1360 779 1403 Hymettia
795 1360 896 1392 mella
914 1360 1058 1392 Falerno

98 1427 141 1448 ne
157 1415 284 1448 biberis
301 1414 418 1447 diluta.
466 1413 546 1446 foris
564 1418 613 1446 est
629 1424 766 1456 promus
783 1417 815 1446 et
831 1418 941 1445 atrum

98 1468 286 1501 defendens
302 1467 404 1510 piscis
421 1467 548 1499 hiemat
567 1477 659 1498 mare
678 1478 685 1498 z
709 1477 786 1498 cum
804 1466 873 1498 sale
887 1467 985 1509 panis

98 1521 279 1553 latrantem
295 1519 507 1552 stomachum
523 1519 609 1551 bene
626 1518 740 1551 leniet.
790 1519 880 1551 unde
893 1525 991 1561 putas
1007 1524 1063 1551 aut

99 1573 157 1616 qui
173 1577 307 1616 partum
318 1573 333 1604 ?
356 1583 424 1604 non
442 1572 476 1603 in
493 1582 571 1604 caro
588 1571 706 1603 nidore
723 1571 878 1613 voluptas

99 1635 241 1665 summa,
262 1625 322 1658 sed
338 1624 373 1656 in
390 1629 423 1656 te
440 1624 513 1667 ipso
529 1628 590 1657 est.
641 1628 675 1656 tu
693 1623 917 1666 pulmentaria
934 1634 1056 1666 quaere
1100 1639 1134 1657 20

99 1677 253 1710 sudando
268 1690 276 1710 ς
301 1677 461 1720 pinguem
478 1676 570 1709 vitiis
587 1676 770 1718 albumque
786 1686 896 1719 neque
913 1682 1022 1709 ostrea

99 1739 163 1762 nec
178 1741 290 1763 scarus
305 1734 362 1762 aut
379 1729 502 1772 poterit
516 1729 691 1771 peregrina
708 1729 821 1761 iuvare
837 1729 958 1771 lagois.

100 1781 157 1814 vix
172 1786 286 1815 tamen
303 1782 454 1824 eripiam,
475 1782 587 1824 posito
603 1791 734 1824 pavone
751 1781 834 1814 velis
849 1782 932 1824 quin

101 1833 168 1866 hoc
182 1834 297 1877 potius
313 1845 414 1877 quam
431 1834 558 1876 gallina
575 1838 703 1876 tergere
720 1833 881 1876 palatum,

102 1890 278 1929 corruptus
294 1887 389 1919 vanis
406 1896 526 1925 rerum,
546 1886 626 1929 quia
641 1890 761 1918 veneat
777 1897 859 1918 auro

103 1947 177 1970 rara
192 1939 264 1972 avis
279 1943 312 1972 et
329 1939 421 1982 picta
438 1939 565 1981 pandat
581 1938 773 1981 spectacula
788 1939 896 1972 cauda
912 1950 919 1971 :
