1458 2315
108 159 173 202 ιν.]
349 160 409 192 SA
418 161 652 192 TJRARUM
674 162 818 193 LIBER
845 162 893 193 Η.
1084 172 1143 194 211

107 242 264 281 potorem
280 236 438 270 cochlea:
462 248 542 270 nam
558 237 690 271 lactuca
706 238 836 271 innatat
853 238 921 271 acri

107 295 185 333 post
201 290 320 322 vinum
335 291 511 323 stomacho
526 302 535 329 ;
560 302 666 334 perna
682 292 790 334 magis
808 302 846 324 ac
863 291 971 335 magis
987 291 1078 324 hillis
1111 299 1146 325 60

108 343 238 386 flagitat
254 343 434 376 immorsus
452 344 543 376 refici
557 356 566 384 3
593 345 676 386 quin
693 345 809 376 omnia
825 345 920 377 malit

107 407 341 439 quaecumque
358 396 542 429 immundis
562 397 690 429 servent
709 397 822 429 adlata
839 398 984 440 popinis.

107 454 158 481 &st
175 459 298 491 operae
314 449 460 492 pretium
477 449 622 492 duplicis
639 460 839 492 pernoscere
857 450 937 482 iuris

107 507 274 538 naturam.
325 501 469 544 simplex
487 513 505 534 e
521 501 613 534 dulci
629 507 760 534 constat
777 502 878 541 olivo,

107 553 200 596 quod
216 554 335 596 pingui
351 555 491 587 miscere
507 565 601 587 mero
617 555 791 597 muriaque
809 555 943 588 decebit

107 617 177 639 non
194 606 261 639 alia
276 617 379 649 quam
395 617 462 650 qua
479 607 642 649 Byzantia
654 608 766 650 putuit
784 619 871 640 orca.

107 659 174 692 hoc
188 660 248 692 ubi
264 660 442 692 confusum
459 660 558 692 sectis
574 660 734 693 inferbuit
751 661 864 693 herbis

108 713 322 756 Corycioque
346 723 446 746 croco
461 724 615 756 sparsum
632 713 734 753 stetit,
754 714 892 756 insuper
909 714 1013 747 addes

107 776 223 808 pressa
238 765 452 798 Venafranae
469 765 561 808 quod
575 766 662 798 baca
678 766 806 799 remisit
823 767 943 799 olivae.

108 818 242 851 Picenis
257 819 382 851 cedunt
397 818 510 861 pomis
526 818 682 850 Tiburtia
698 829 798 851 suco:
1109 834 1144 860 70

107 881 187 903 nam
203 871 288 903 facie
304 875 486 914 praestant.
537 871 703 904 venucula
719 872 876 905 convenit
894 872 992 906 ollis:

107 923 230 956 rectius
246 923 419 955 Albanam
434 923 528 956 sumo
544 924 715 957 duraveris
732 935 842 957 uvam.

105 976 195 1010 hanc
210 988 275 1020 ego
291 988 368 1010 cum
384 977 493 1017 malis,
514 988 577 1020 ego
594 977 722 1010 faecem
739 979 866 1021 primus
883 983 915 1010 et
933 978 1028 1019 allec,

107 1030 236 1072 primus
251 1034 285 1062 et
301 1030 455 1062 invenior
469 1031 567 1073 piper
582 1031 698 1063 album
715 1042 791 1063 cum
808 1032 876 1064 sale
894 1032 992 1074 nigro

106 1080 272 1115 incretum
287 1083 380 1125 puris
396 1083 675 1126 circumposuisse
691 1084 822 1116 catillis.

105 1136 254 1168 immane
271 1140 320 1168 est
337 1135 456 1167 vitium
474 1136 555 1167 dare
570 1136 665 1167 milia
681 1141 775 1168 terna
790 1137 934 1169 macello

103 1193 315 1232 angustoque
333 1197 437 1229 vagos
454 1188 554 1230 piscis
570 1198 711 1230 urguere
728 1189 848 1220 catino.

103 1251 229 1284 magna
244 1245 358 1273 movet
377 1239 553 1272 stomacho
570 1239 714 1279 fastidia,
735 1251 792 1272 seu
810 1251 893 1282 puer
908 1241 1016 1274 unctis

102 1293 259 1326 tractavit
275 1293 415 1326 calicem
435 1292 601 1331 manibus,
622 1293 703 1324 dum
720 1292 806 1324 furta
824 1293 963 1336 ligurrit,

101 1346 173 1379 sive
188 1347 299 1389 gravis
315 1346 420 1379 veteri
439 1351 586 1378 craterae
603 1345 702 1377 limus
719 1346 880 1378 adhaesit.
1104 1355 1138 1380 80

101 1398 226 1431 vilibus
242 1399 276 1431 in
293 1399 416 1442 scopis,
437 1399 472 1430 in
490 1398 633 1441 mappis,
654 1398 687 1429 in
705 1398 805 1430 scobe
821 1404 966 1441 quantus

102 1452 254 1484 consistit
271 1453 449 1495 sumptus?
472 1451 645 1493 neglectis,
667 1451 829 1492 flagitium
848 1452 974 1495 ingens.

102 1509 160 1538 ten
175 1505 306 1548 lapides
322 1506 432 1538 varios
448 1505 616 1537 lutulenta
634 1505 750 1537 radere
767 1505 890 1547 palma,

100 1562 135 1590 et
151 1558 271 1600 Tyrias
287 1559 367 1591 dare
383 1559 510 1591 circum
527 1557 634 1589 inlota
652 1557 771 1589 toralia
788 1558 898 1597 vestis,

101 1610 246 1643 oblitum
261 1616 390 1653 quanto
407 1621 521 1643 curam
539 1616 779 1652 sumptumque
795 1610 959 1643 minorem

99 1662 184 1696 haec
200 1663 358 1702 habeant,
379 1668 475 1695 tanto
492 1663 649 1705 reprendi
668 1663 788 1695 iustius
806 1663 872 1695 illis

100 1726 187 1759 quae
203 1716 267 1748 nisi
283 1715 444 1748 divitibus
461 1720 629 1758 nequeant
647 1716 841 1758 contingere
859 1716 982 1748 mensis
996 1715 1026 1749 ?‘

99 1768 200 1800 docte
216 1768 305 1807 Cati,
326 1779 386 1811 per
401 1767 585 1799 amicitiam
600 1768 765 1810 divosque
783 1774 917 1810 rogatus

100 1819 223 1853 ducere
238 1831 294 1852 me
310 1821 473 1858 auditum,
496 1830 614 1862 perges
630 1830 852 1863 quocumque,
876 1827 1057 1854 memento.

99 1882 180 1905 nam
196 1873 351 1916 quamvis
367 1872 508 1904 memori
526 1872 648 1904 referas
665 1872 747 1903 mihi
766 1878 900 1915 pectore
918 1880 1035 1907 cuncta
1103 1891 1138 1915 90

99 1933 171 1957 non
186 1929 300 1958 tamen
315 1925 479 1967 interpres
496 1924 692 1956 tantundem
711 1925 842 1958 iuveris.
894 1927 981 1959 adde

100 1975 232 2010 voltum
247 1977 471 2019 habitumque
487 1976 644 2014 hominis,
666 1986 768 2018 quem
785 1982 820 2010 tu
836 1977 959 2011 vidisse
975 1979 1094 2012 beatus

30 2210 122 2315 &A
