1458 2315
70 140 162 181 xlv.]
400 139 603 171 EPODON
625 138 778 168 LIBER.
1053 147 1112 176 149

160 227 203 249 ne
219 215 306 248 foret
322 214 474 258 aequalis
492 214 579 247 inter
595 214 750 254 conviva,
771 213 879 256 magis
895 224 999 256 quem

207 268 364 312 diligeret
379 267 501 302 mulier
517 278 576 300 sua
593 278 695 310 quam
711 271 754 300 te.

163 332 184 355 0
201 332 265 364 ego
281 331 352 353 non
367 320 459 360 felix,
481 331 584 363 quam
601 326 637 352 tu
654 320 741 363 sugis
757 325 793 352 ut
810 324 912 363 pavet
928 319 1014 352 acris

209 385 298 418 agna
311 374 409 417 lupos
427 383 635 416 capreaeque
652 371 792 406 leones.'

77 585 182 618 XIII.
319 584 513 619 ORRIDA
529 588 713 628 tempestas
734 582 867 617 caelum
884 582 1061 623 contraxit,
1082 588 1115 616 et

429 638 554 670 imbres

208 692 371 735 nivesque
397 690 569 724 deducunt
595 690 716 722 Iovem
729 701 739 730 3
774 700 865 722 nunc
892 700 996 731 mare,
1025 700 1114 722 nunc

347 744 454 777 siluae

168 797 328 830 Threicio
345 797 518 840 Aquilone
537 802 669 829 sonant.
722 796 904 839 rapiamus,
925 795 1037 836 amici,

213 850 428 884 occasionem
444 850 487 883 de
499 850 566 888 die,
587 850 737 892 dumque
753 850 862 882 virent
875 860 986 891 genua

169 908 203 937 et
219 904 326 943 decet,
348 903 497 936 obducta
512 903 662 935 solvatur
677 903 787 935 fronte
804 908 970 934 senectus.

212 961 250 989 tu
265 957 344 989 vina
359 956 537 999 Torquato
554 967 654 988 move
671 955 809 988 consule
826 966 942 998 pressa
958 966 1046 988 me0.

168 1014 281 1042 cetera
297 1009 393 1042 mitte
410 1009 504 1051 loqui
520 1022 528 1042 z
553 1009 637 1041 deus
654 1009 738 1041 haec
754 1009 894 1041 fortasse
910 1008 1059 1051 benigna

214 1062 353 1095 reducet
366 1062 402 1094 in
417 1062 533 1095 sedem
550 1062 633 1095 vice.
680 1073 771 1095 nunc
788 1067 820 1094 et
838 1061 1075 1094 Achaemenio

169 1115 326 1158 perfundi
342 1114 449 1147 nardo
466 1115 558 1147 iuvat
574 1119 607 1147 et
625 1114 692 1147 fide
710 1115 873 1157 Cyllenea

216 1167 328 1200 levare
343 1167 425 1199 diris
442 1172 580 1210 pectora
596 1168 893 1207 sollicitudinibus,
1089 1183 1121 1200 10

173 1220 298 1252 nobilis
315 1224 350 1251 ut
368 1220 488 1262 grandi
505 1220 627 1252 cecinit
644 1220 833 1253 Centaurus
850 1221 989 1253 alumno
1006 1232 1014 1253 :

222 1274 232 1290 ‘
244 1273 380 1311 invicte,
401 1272 555 1305 mortalis
571 1273 636 1305 dea
653 1278 731 1305 nate
746 1284 831 1315 puer
847 1273 1007 1313 Thetide,

172 1330 206 1359 te
222 1330 336 1358 manet
353 1325 511 1358 Assaraci
528 1324 636 1364 tellus,
658 1336 760 1368 quam
778 1326 898 1368 frigida
915 1327 1002 1359 tardi

216 1378 349 1412 findunt
367 1377 567 1411 Scamandri
583 1377 732 1418 flumina,
753 1378 900 1411 lubricus
917 1385 950 1411 et
970 1379 1096 1413 Simois
1109 1392 1119 1420 3

173 1431 263 1465 unde
280 1431 342 1463 tibi
360 1431 506 1463 reditum
522 1436 614 1463 certo
632 1432 822 1464 subtemine
841 1432 968 1465 Parcae

215 1495 346 1527 rupere,
366 1494 429 1516 nec
446 1489 554 1516 mater
569 1484 710 1516 domum
726 1485 861 1518 caerula
880 1490 912 1518 te
929 1485 1074 1520 revehet.

173 1536 243 1570 illic
260 1547 361 1569 omne
378 1536 505 1568 malum
523 1537 602 1568 vino
619 1542 786 1580 cantuque
800 1537 923 1578 levato,

217 1589 379 1622 deformis
395 1589 622 1632 aegrimoniae
639 1589 794 1623 dulcibus
811 1591 978 1635 alloquiis.

84 1797 182 1831 XIV.
340 1796 482 1832 OLLIS
502 1799 623 1832 inertia
638 1810 697 1832 cur
713 1804 843 1833 tantam
857 1800 1028 1834 diffuderit
1045 1801 1122 1834 imis

406 1852 614 1886 oblivionem
631 1854 794 1893 sensibus,

173 1903 298 1947 pocula
308 1904 482 1938 Lethaeos
498 1912 534 1938 ut
552 1906 578 1938 si
595 1906 756 1940 ducentia
772 1918 909 1941 somnos

217 1962 334 1990 arente
352 1957 447 1991 fauce
465 1959 634 1999 traxerim,
