1458 2315
71 151 179 195 xva]

77 693 199 728 XVII.

339 154 367 184 C
365 154 397 184 A
401 154 499 184 RMI
497 153 616 184 NUM
640 153 786 184 LIBER
813 153 841 183 l.

205 229 298 262 misit
315 227 496 262 furentem.
544 239 635 262 nunc
651 239 715 272 ego
731 228 870 261 mitibus

205 287 336 315 mutare
347 293 474 326 quaero
491 282 610 321 tristia,
631 282 713 314 dum
730 282 814 314 mihi

250 336 312 369 fias
328 336 508 369 recantatis
524 336 635 368 amica

297 390 491 434 opprobriis
508 390 727 433 animumque
744 389 876 422 reddas.

347 692 479 728 ELOX
496 704 677 726 amoenum
694 703 795 736 saepe
813 693 1018 727 Lucretilem

367 752 476 780 mutat
492 748 628 791 Lycaeo
646 748 793 787 Faunus,
815 752 848 781 et
865 748 1001 791 igneam

296 800 449 835 defendit
466 805 631 834 aestatem
647 800 786 844 capellis

341 865 448 898 usque
464 854 549 887 meis
566 854 766 898 pluviosque
780 858 909 886 ventos.

252 975 392 1019 impune
410 980 520 1008 tutum
538 987 598 1019 per
614 986 733 1008 nemus
751 975 889 1008 arbutos

252 1034 420 1072 quaerunt
436 1029 571 1062 latentis
588 1034 621 1062 et
638 1029 756 1072 thyma
773 1028 891 1062 deviae

298 1082 422 1115 olentis
438 1093 558 1115 uxores
575 1082 699 1122 mariti,

343 1148 406 1170 nec
423 1138 547 1170 virides
563 1141 718 1170 metuunt
735 1136 891 1170 colubras

253 1268 316 1291 nec
332 1257 500 1291 Martialis
517 1257 700 1290 Haediliae
716 1258 825 1300 lupos,

254 1315 437 1354 utcumque
454 1311 555 1349 dulci,
574 1310 736 1353 Tyndari,
759 1310 870 1343 fistula

302 1363 407 1396 valles
424 1368 457 1396 et
475 1363 614 1396 Usticae
631 1363 784 1396 cubantis

345 1417 434 1450 levia
451 1427 653 1460 personuere
670 1427 760 1448 saxa.

256 1539 292 1572 di
309 1550 363 1572 me
380 1543 524 1578 tuentur,
546 1539 598 1571 (lis
616 1539 723 1581 pietas
740 1549 816 1571 mea

256 1598 291 1625 et
307 1603 404 1624 musa
417 1592 509 1625 cordi
528 1597 588 1624 est.
636 1592 690 1624 hic
709 1592 769 1623 tibi
787 1592 886 1635 copia

301 1645 455 1677 manabit
472 1645 514 1677 ad
533 1645 671 1688 plenum
688 1644 836 1686 benigno

346 1698 431 1730 ruris
447 1698 613 1730 honorum
632 1698 792 1740 opulenta
805 1708 919 1732 cornu,

257 1818 314 1851 hic
331 1818 366 1850 in
383 1818 520 1851 reducta
535 1819 622 1851 valle
642 1818 827 1852 Caniculae

259 1872 383 1904 vitabis
399 1878 520 1911 aestus,
542 1878 575 1905 et
593 1871 660 1905 fide
677 1872 762 1905 Teia

305 1925 396 1958 dices
413 1925 598 1957 laborantis
615 1925 650 1957 in
668 1936 735 1957 uno

350 1978 545 2021 Penelopen
563 1978 772 2021 vitreamque
790 1978 923 2011 Circen.

1073 161 1110 182 21

1088 1327 1120 1343 10

1089 1995 1123 2011 20
