1410 2283
278 114 338 145 250
568 105 603 143 Q.
635 103 764 134 ΗΘΚΛ
774 103 824 133 TI
846 101 1018 133 FLACCI
1227 100 1299 141 [xv.

279 180 434 225 dictaque
450 183 634 211 cessantem
650 177 760 209 nervis
775 174 898 208 elidere
914 175 1075 234 morbum

280 232 402 265 sulfura
417 230 584 264 contemni
600 230 692 261 vicus
706 229 821 271 gemit,
841 227 973 260 invidus
987 226 1095 269 aegris

281 285 336 326 qui
353 290 451 326 caput
467 289 499 315 et
516 281 723 314 stomachum
740 291 927 323 supponere
942 279 1090 312 sontibus
1106 276 1230 310 audent

282 337 427 368 Clusinis
444 335 637 376 Gabiosque
653 338 770 375 petunt
788 338 819 365 et
837 332 956 374 frigida
973 341 1057 363 rura.

282 388 461 420 mutandus
478 387 570 418 locus
586 391 634 418 est
651 391 683 418 et
700 384 889 417 deversoria
905 388 985 415 nota
1276 395 1308 414 ιο

283 440 562 483 praeteragendus
578 448 692 480 equus.
743 437 751 453 ‘
763 446 830 479 quo
846 436 955 468 tendis
966 437 982 467 ?
1003 445 1071 467 non
1084 433 1166 466 mihi
1183 433 1308 467 Cumas

284 499 332 525 est
350 493 410 524 iter
426 497 482 523 aut
500 491 598 522 Baias
612 489 619 502 ’
636 490 731 522 laeva
743 488 971 520 stomachosus
986 487 1119 519 habena

283 545 370 576 dicet
387 554 488 586 eques
504 556 511 575 :
537 543 595 574 sed
612 542 705 584 equis
722 541 850 573 frenato
867 544 915 572 est
931 539 1019 571 auris
1035 539 1069 570 in
1085 549 1142 571 ore
1156 549 1211 577 ;—

285 597 390 628 maior
406 602 515 628 utrum
531 595 691 637 populum
709 593 863 625 frumenti
879 592 976 634 copia
993 596 1106 634 pascat
1120 603 1130 630 ς

285 649 486 681 collectosne
502 648 617 679 bibant
635 646 750 678 imbris
766 650 927 688 puteosne
943 643 1099 686 perennis

286 701 371 742 iugis
388 710 493 741 aquae
507 709 639 738 3—nam
659 699 734 730 vina
749 697 834 729 nihil
850 707 960 729 moror
975 695 1063 727 illius
1079 704 1166 727 orae.

288 763 362 784 rure
379 762 453 783 meo
469 761 605 793 possum
622 750 754 791 quidvis
771 748 913 790 perferre
930 747 1065 789 patique
1081 758 1089 778 ι

287 805 330 836 ad
347 814 437 835 mare
454 813 528 834 cum
545 802 630 839 veni,
651 810 849 843 generosum
865 804 897 831 et
914 799 988 830 lene
1004 797 1146 840 requirO,

286 856 377 898 quod
393 865 487 886 curas
503 854 624 895 abigat,
647 853 735 894 quod
753 862 828 883 cum
845 861 903 893 spe
919 850 1023 882 divite
1039 854 1151 881 manet

288 910 322 940 in
337 917 438 938 venas
455 906 669 946 animumque
687 914 808 941 meum,
828 903 918 944 qued
935 902 1036 934 verba
1051 900 1226 939 ministret,
1281 913 1316 931 20

287 959 378 1001 quod
395 969 449 989 me
468 957 623 988 Lucanae
641 957 793 987 iuvenem
811 953 1023 986 commendet
1039 953 1164 985 amicae
1179 963 1233 991 3—

288 1017 412 1043 tractus
428 1015 499 1041 uter
515 1009 618 1050 pluris
634 1008 774 1049 lepores,
795 1011 867 1038 uter
883 1006 1001 1038 educet
1017 1015 1115 1047 apros
1130 1015 1141 1044 ;

289 1068 363 1094 utra
379 1062 485 1103 magis
501 1061 602 1103 piscis
618 1065 650 1091 et
667 1059 804 1091 echinos
820 1068 964 1099 aequora
980 1057 1099 1095 celent,

290 1114 423 1158 pinguis
440 1118 474 1145 ut
492 1113 568 1144 inde
585 1112 722 1143 domum
739 1110 862 1152 possim
882 1109 1081 1151 Phaeaxque
1097 1107 1226 1145 reverti,

292 1167 434 1198 scribere
451 1170 483 1197 te
499 1164 607 1202 nobis,
628 1163 689 1195 tibi
706 1173 766 1194 nos
782 1161 956 1194 accredere
969 1160 1029 1203 par
1045 1164 1105 1193 est.

293 1218 457 1256 Maenius,
476 1221 512 1248 ut
528 1216 626 1247 rebus
643 1213 801 1246 maternis
817 1218 916 1255 atque
932 1212 1078 1255 paternis

293 1270 420 1301 sortiter
437 1267 621 1309 absumptis
637 1267 784 1298 urbanus
800 1265 910 1306 coepit
926 1264 1052 1303 haberi,

295 1332 404 1353 scurra
420 1331 532 1362 vagus,
551 1330 620 1351 non
637 1318 693 1360 qui
710 1322 836 1350 certum
852 1326 1011 1359 praesepe
1028 1319 1165 1355 teneret,

295 1375 482 1415 impransus
498 1383 566 1403 non
583 1371 639 1413 qui
656 1371 762 1402 civem
780 1369 989 1410 dignosceret
1004 1368 1111 1406 hoste,

295 1425 463 1467 quaelibet
480 1424 514 1455 in
531 1422 681 1465 quemvis
698 1421 880 1464 opprobria
897 1420 1019 1462 fingere
1036 1429 1163 1458 saevus,
1290 1432 1325 1457 30

296 1477 458 1520 pemicies
474 1481 506 1508 et
522 1480 702 1517 tempestas
718 1472 977 1514 barathrumque
993 1471 1135 1511 macelli,

297 1529 456 1571 quicquid
470 1527 666 1570 quaesierat,
687 1525 794 1557 ventri
811 1524 959 1556 donabat
975 1533 1086 1555 avaro.

297 1582 353 1613 hic
368 1581 424 1612 ubi
440 1579 607 1622 nequitiae
624 1577 808 1610 fautoribus
825 1581 857 1608 et
874 1575 1000 1607 timidis
1014 1574 1064 1606 nil

299 1639 354 1664 aut
371 1633 520 1675 paullum
537 1631 727 1668 abstulerat,
748 1629 879 1671 patinas
895 1627 1036 1659 cenabat
1051 1625 1168 1665 omasi,

300 1685 374 1715 vilis
391 1690 423 1716 et
439 1683 591 1725 agninae,
611 1682 715 1713 tribus
732 1681 815 1712 ursis
832 1679 923 1722 quod
938 1678 1018 1710 satis
1034 1683 1118 1710 esset
1131 1688 1142 1717 ;

301 1736 425 1767 scilicet
441 1740 476 1766 ut
493 1735 616 1766 ventris
632 1733 746 1765 lamna
762 1732 925 1764 candente
939 1735 1103 1772 nepotum

300 1787 423 1818 diceret
440 1787 593 1824 urendos,
614 1789 780 1818 corrector
795 1783 936 1815 Bestius.
985 1781 1077 1813 idem

301 1838 465 1879 quidquid
481 1843 550 1869 erat
566 1842 681 1868 nactus
698 1835 842 1878 praedae
858 1833 1005 1872 maioris,
1024 1833 1082 1865 ubi
1098 1842 1198 1864 omne

303 1895 443 1922 verterat
461 1889 494 1920 in
513 1889 639 1920 sumum
656 1893 688 1920 et
705 1888 860 1927 cinerem,
884 1887 971 1919 ‘non
985 1883 1119 1918 hercule
1133 1879 1255 1915 miror'
