1458 2315
129 151 216 176 xxv.
225 143 238 186 ]

126 632 241 668 XXV.

401 145 428 176 C
427 145 458 176 A
462 146 678 176 RMJNUM
700 146 846 177 LIBER
871 148 899 178 l.
1129 158 1169 188 27

305 231 375 254 non
392 221 478 254 lenis
494 222 653 265 precibus
669 222 740 255 fata
755 223 929 256 recludere

308 275 407 318 nigro
424 276 626 318 compulerit
644 277 835 310 Mercurius
851 277 970 320 gregi?

307 328 450 361 durum:
474 329 532 362 sed
550 329 658 362 levius
674 329 711 362 fit
727 331 893 373 patientia

395 382 558 426 quicquid
574 383 740 426 corrigere
757 388 807 416 est
825 383 928 416 nesaS.
1135 400 1169 417 20

391 635 578 669 ARCIUS
597 636 728 669 iunctas
746 637 902 680 quatiunt
919 636 1081 671 fenestras

411 688 555 722 iactibus
571 690 698 723 crebris
714 690 853 723 iuvenes
869 692 1029 734 protervi,

301 751 364 774 nec
380 740 443 774 tibi
459 752 597 775 somnos
614 743 778 782 adimunt,
800 749 960 787 amatque

478 795 581 828 ianua
596 795 711 836 limen,

299 909 387 942 quae
404 898 497 942 prius
514 898 660 931 multum
677 899 786 933 facilis
803 901 963 934 movebat

297 952 464 985 cardines.
514 953 611 985 audis
628 953 740 986 minus
757 958 790 987 et
806 954 918 987 minus
934 955 1002 987 iam

302 1006 312 1022 ‘
322 1016 378 1039 me
393 1009 451 1039 tuo
467 1005 587 1048 longas
603 1011 766 1049 pereunte
782 1012 910 1048 noctes,

477 1059 598 1102 Lydia,
618 1060 746 1093 dormis
757 1059 789 1092 ?’

299 1164 446 1197 invicem
462 1165 624 1198 moechos
641 1177 724 1199 anus
741 1168 929 1210 arrogantis

298 1217 394 1250 flebis
411 1218 446 1250 in
463 1217 537 1250 solo
553 1217 637 1251 levis
654 1219 848 1262 angiportu,
1128 1238 1160 1254 10

299 1270 448 1303 Thracio
464 1271 653 1303 bacchante
669 1273 778 1315 magis
796 1273 857 1305 sub
875 1273 976 1306 inter-

476 1323 571 1355 lunia
587 1328 700 1363 vento,

295 1436 373 1460 cum
389 1426 451 1459 tibi
468 1426 613 1469 flagrans
629 1437 726 1459 amor
742 1432 775 1460 et
792 1428 898 1461 libido

294 1489 383 1522 quae
399 1479 484 1512 solet
499 1484 624 1512 matres
640 1479 762 1513 furiare
779 1491 942 1524 equorum

294 1532 420 1566 saeviet
437 1532 526 1565 circa
542 1532 633 1565 iecur
648 1532 836 1566 ulcerosum
852 1545 861 1574 ;

474 1596 543 1617 non
559 1586 631 1618 sine
648 1592 767 1629 questu

296 1687 386 1721 laeta
403 1688 495 1732 quod
512 1689 619 1731 pubes
636 1689 762 1722 hedera
778 1691 907 1724 virente

294 1741 440 1783 gaudeat
456 1741 551 1784 pulla
567 1743 674 1785 magis
690 1748 791 1786 atque
808 1749 932 1788 myrtO,

292 1793 407 1827 aridas
423 1793 551 1827 frondis
567 1795 689 1828 hiemis
706 1796 813 1829 sodali

470 1846 604 1881 dedicet
623 1848 754 1882 Hebro.
1121 1868 1156 1886 20
