1410 2283
274 146 332 175 268
567 145 602 182 Q.
634 143 764 174 HORA
774 143 823 173 TI
845 142 934 173 FLA
940 143 968 174 C
968 143 1016 174 CI
1259 141 1294 183 [1.

276 219 385 251 omnis
401 219 442 251 ad
460 219 602 251 incertos
619 218 732 252 oculos
748 222 781 250 et
797 217 919 261 gaudia
934 227 1030 250 vana.

280 276 436 313 quattuor
451 277 506 303 aut
523 271 626 313 pluris
642 271 758 303 aulaea
775 275 969 313 premuntur
984 270 1018 301 in
1034 269 1142 308 horas,

279 325 360 356 dum
377 323 505 365 fugiunt
522 323 670 366 equitum
688 328 814 355 turmae
830 322 1048 364 peditumque
1063 325 1235 361 catervae3
1256 335 1305 361 190

283 387 359 407 mox
377 376 517 407 trahitur
532 375 685 407 manibus
702 385 816 416 regum
834 374 965 406 fortuna
980 373 1121 412 retortis,

280 428 394 459 esseda
412 427 578 465 festinant,
599 427 732 469 pilenta,
754 426 923 468 petorrita,
943 436 1056 464 naves,

277 480 447 521 captivum
464 484 613 521 portatur
630 479 720 517 ebur,
741 478 873 520 captiva
889 477 1081 510 Corinthus.

279 532 304 563 si
324 531 404 563 soret
421 532 453 563 in
471 532 575 570 terris,
598 532 716 563 rideret
735 530 958 569 Democritus,
978 540 1037 562 seu

279 584 443 615 diversum
460 583 595 615 confusa
611 594 714 625 genus
731 582 892 625 panthera
907 581 1037 614 camelo

281 636 349 668 sive
367 635 502 677 elephas
519 636 614 667 albus
631 635 720 676 volgi
737 639 943 667 converteret
960 644 1038 674 ora;

280 692 442 729 spectaret
460 687 619 729 populum
636 687 722 719 ludis
738 687 894 719 attentius
911 686 990 728 ipsis

280 746 315 771 ut
332 740 393 771 sibi
411 740 625 781 praebentem
642 739 747 771 nimio
763 739 951 781 spectacula
967 737 1081 780 plura;

282 791 455 833 scriptores
469 796 579 823 autem
596 802 728 823 narrare
745 793 874 832 putaret
891 789 995 821 asello

279 842 435 874 fabellam
452 842 561 874 surdo.
610 853 688 873 nam
705 852 790 883 quae
805 841 996 883 pervincere
1011 851 1111 873 voces
1261 855 1311 872 200

279 894 430 927 evaluere
447 905 575 930 sonum,
594 894 737 926 referunt
753 904 852 935 quem
868 898 980 925 nostra
995 893 1150 925 theatra?

280 948 472 989 Garganum
489 947 615 987 mugire
632 951 727 987 putes
743 956 859 977 nemus
875 949 932 976 aut
948 955 1038 977 mare
1054 945 1216 984 Tuscum,

281 1005 374 1032 tanto
391 1009 466 1030 cum
482 998 620 1039 strepitu
638 997 707 1028 ludi
723 1002 914 1039 spectantur
929 1001 961 1028 et
978 1001 1065 1030 artes

281 1051 481 1092 divitiaeque
497 1050 700 1092 peregrinae,
719 1049 840 1091 quibus
856 1049 979 1081 oblitus
999 1054 1092 1081 actor

281 1114 356 1136 cum
373 1103 462 1135 stetit
479 1103 512 1133 in
528 1112 656 1140 scaena,
677 1101 842 1133 concurrit
858 1101 995 1133 dextera
1012 1101 1137 1134 laevae.

282 1155 363 1186 dixit
381 1154 488 1185 adhuc
505 1154 651 1195 aliquid?
673 1153 721 1184 nil
737 1163 826 1186 sane.
876 1153 957 1195 quid
975 1153 1085 1196 placet
1105 1154 1204 1196 ergo?

283 1206 360 1238 lana
376 1205 559 1237 Tarentino
576 1205 681 1236 violas
698 1205 827 1237 imitata
842 1215 981 1237 veneno.

283 1269 322 1290 ac
338 1269 379 1290 ne
395 1258 479 1290 forte
494 1262 590 1299 putes
607 1268 669 1296 me,
691 1267 776 1299 quae
792 1257 899 1289 facere
914 1257 987 1300 ipse
1008 1268 1166 1297 recusem,

283 1321 359 1343 cum
373 1315 460 1342 recte
475 1315 617 1342 tractent
633 1309 700 1348 alii,
720 1309 856 1341 laudare
875 1310 1047 1352 maligne:

285 1363 340 1394 ille
357 1373 416 1405 per
431 1367 600 1394 extentum
618 1361 730 1393 funem
746 1361 828 1393 mihi
848 1372 946 1404 posse
967 1362 1098 1394 videtur
1262 1375 1314 1392 210

286 1415 332 1446 ire
348 1420 458 1456 poeta,
479 1424 590 1446 meum
607 1414 664 1456 qui
681 1418 797 1455 pectus
814 1413 958 1446 inaniter
977 1414 1081 1456 angit,

286 1467 400 1505 irritat,
420 1466 554 1505 mulcet,
573 1465 663 1497 falsis
680 1465 858 1498 terroribus
878 1465 996 1508 implet

286 1523 322 1549 ut
338 1529 463 1560 magus,
483 1522 517 1550 et
532 1518 634 1550 modo
649 1528 703 1549 me
719 1517 856 1556 Thebis,
881 1518 983 1550 modo
998 1517 1095 1560 ponit
1110 1516 1264 1550 Athenis.

287 1581 401 1602 verum
416 1581 477 1612 age
494 1574 526 1602 et
541 1570 602 1609 his,
623 1570 679 1612 qui
696 1580 731 1602 se
748 1569 864 1602 lectori
885 1570 1020 1602 credere
1036 1569 1166 1602 malunt

289 1633 389 1664 quam
404 1623 600 1665 spectatoris
617 1623 750 1655 fastidia
770 1623 854 1655 ferre
870 1623 1014 1665 superbi,

289 1685 400 1706 curam
416 1676 518 1707 redde
533 1676 679 1714 brevem,
700 1676 726 1707 si
746 1685 866 1707 munus
881 1675 1042 1717 Apolline
1058 1674 1199 1716 dignum

289 1727 338 1758 vis
354 1728 520 1769 complere
536 1728 629 1760 libris
645 1732 678 1760 et
696 1728 828 1760 vatibus
844 1727 968 1759 addere
983 1727 1103 1766 calcar,

289 1784 326 1810 ut
342 1780 452 1811 studio
467 1780 593 1812 maiore
610 1784 725 1822 petant
744 1779 912 1811 Helicona
927 1779 1100 1812 virentem.

291 1830 396 1862 multa
412 1832 548 1872 quidem
564 1832 663 1864 nobis
679 1831 818 1863 facimus
833 1830 923 1862 mala
938 1841 1038 1873 saepe
1049 1833 1179 1872 poetae,

291 1888 371 1913 ——ut
387 1883 498 1914 vineta
514 1889 646 1924 egomet
662 1883 801 1915 caedam
817 1893 1012 1914 mea—cum
1026 1882 1089 1914 tibi
1105 1882 1226 1914 librum
1265 1896 1316 1914 220

293 1933 436 1966 sollicito
453 1934 570 1966 damus
583 1939 639 1966 aut
655 1934 759 1974 fesso3
783 1944 859 1965 cum
874 1933 1046 1973 laedimur,
1065 1943 1170 1966 unum

1402 1899 1410 1946 ἓ

1405 1947 1410 1955 .

1398 1994 1410 2066 ‘1¹

1354 2065 1410 2283 l
