1410 2283
248 149 308 188 284
538 147 576 185 Q.
607 145 646 176 H
646 143 737 176 ORA
746 144 778 175 T
775 144 797 174 I
819 143 908 175 FLA
915 144 942 176 C
943 145 992 176 CI

247 221 368 256 aetatis
386 221 543 264 cuiusque
560 220 699 252 notandi
714 223 790 252 sunt
807 219 870 252 tibi
885 229 1006 259 mores,

248 274 499 316 mobilibusque
515 274 618 306 decor
634 272 760 305 naturis
777 272 908 304 dandus
923 276 956 304 et
973 271 1080 305 annis.

248 326 386 359 reddere
403 326 461 368 qui
476 336 575 358 voces
593 325 660 357 iam
677 325 738 357 scit
755 327 838 366 pue'r
854 328 887 357 et
902 324 990 367 pede
1006 328 1098 357 certo

248 379 357 421 signat
374 378 524 416 humum,
544 377 644 420 gestit
660 377 797 419 paribus
813 376 983 409 colludere
999 381 1032 409 et
1049 376 1134 409 iram

248 431 375 472 colligit
392 440 429 462 ac
447 430 542 472 ponit
560 434 686 462 temere
703 435 735 462 et
751 434 899 474 mutatur
913 429 947 461 in
963 429 1074 462 horas.
1230 435 1280 462 160

249 482 420 514 imberbus
437 482 577 520 iuvenis,
599 482 737 513 tandem
754 482 892 515 custode
910 486 1050 521 remoto,

247 534 371 577 gaudet
388 534 482 576 equis
499 534 705 576 canibusque
722 538 754 566 et
771 534 877 577 aprici
893 534 1044 576 gramine
1061 533 1184 578 campi,

248 596 362 618 cereus
379 586 413 617 in
430 586 548 618 vitium
567 586 666 625 flecti,
686 586 910 618 monitoribus
926 597 1037 629 asper,

248 638 380 670 utilium
398 638 511 670 tardus
529 638 689 680 provisor,
710 638 871 680 prodigus
887 638 982 678 aeris,

248 690 402 722 sublimis
418 690 628 732 cupidusque
644 695 676 722 et
693 694 805 722 amata
822 690 1008 733 relinquere
1030 690 1160 734 pernix.

249 742 418 775 conversis
436 742 553 774 studiis
569 747 662 774 aetas
679 743 878 784 animusque
894 743 999 775 virilis

248 793 377 836 quaerit
394 804 476 836 opes
492 798 524 826 et
542 794 715 832 amicitias,
735 794 872 826 inservit
887 793 1019 832 honori,

248 845 456 879 commisisse
469 850 564 878 cavet
582 845 673 887 quod
690 855 769 877 mox
785 849 913 878 mutare
930 845 1071 889 laboret.

248 899 354 931 multa
369 908 482 930 senem
499 897 761 930 circumveniunt
778 897 1004 937 incommoda,
1024 898 1077 931 vel
1098 897 1191 941 quod

248 951 377 993 quaerit
395 955 427 983 et
445 950 588 982 inventis
604 950 704 982 miser
720 949 864 982 abstinet
881 960 919 982 ae
938 950 1030 982 timet
1047 950 1109 989 uti,
1230 965 1280 990 170

248 1003 303 1035 vel
319 1002 409 1045 quod
425 1013 477 1034 res
493 1002 602 1034 omnis
619 1001 738 1033 timide
753 1001 931 1043 gelideque
944 1002 1122 1042 ministrat,

248 1055 382 1094 dilator,
402 1065 461 1096 spe
478 1054 606 1095 longus,
629 1053 726 1091 iners,
747 1053 932 1095 avidusque
948 1053 1059 1094 futuri,

249 1107 405 1145 difficilis,
426 1106 593 1148 querulus,
614 1105 770 1138 laudator
786 1105 946 1148 temporis
962 1105 1030 1138 acti
1391 1115 1410 1151 ιΙ

249 1170 284 1192 se
300 1169 416 1201 puero,
433 1158 614 1200 castigator
631 1168 814 1200 censorque
831 1157 1011 1191 minorum.

248 1211 355 1243 multa
372 1211 480 1243 serunt
496 1210 577 1242 anni
596 1209 768 1242 venientes
784 1209 963 1242 commoda
978 1219 1056 1242 secu
1064 1220 1108 1250 m,

249 1263 356 1295 multa
372 1263 566 1296 recedentes
582 1262 733 1294 adimunt
751 1273 759 1294 :
782 1272 825 1294 ne
840 1261 926 1294 forte
941 1261 1062 1295 seniles

250 1316 450 1348 mandentur
467 1314 578 1347 iuveni
594 1319 705 1356 partes
720 1323 893 1356 pueroque
908 1313 1031 1353 viriles,

249 1378 380 1409 semper
396 1367 430 1399 in
447 1366 611 1399 adiunctis
627 1376 777 1408 aevoque
793 1365 1000 1398 morabimur
1017 1366 1120 1410 aptis.

249 1424 306 1452 aut
323 1419 432 1461 agitur
447 1430 499 1451 res
516 1419 551 1451 in
567 1418 695 1451 scaenis
712 1422 768 1451 aut
785 1422 859 1451 acta
875 1417 1027 1451 refertur.

249 1472 383 1514 segnius
399 1471 528 1503 irritant
545 1471 675 1503 animos
691 1469 836 1502 demissa
852 1480 913 1513 per
928 1480 1045 1503 aurem
1231 1479 1280 1504 180

250 1533 352 1565 quam
368 1533 453 1566 quae
467 1528 542 1555 sunt
559 1523 665 1555 oculis
680 1522 829 1555 subiecta
846 1522 1002 1555 fidelibus
1019 1526 1053 1556 et
1073 1533 1161 1567 quae

250 1575 322 1617 ipse
337 1576 401 1608 sibi
419 1576 520 1608 tradit
536 1580 712 1618 spectator.
762 1584 832 1607 non
849 1578 963 1607 tamen
978 1575 1070 1608 intus

249 1627 353 1669 digna
368 1628 439 1670 geri
453 1638 587 1670 promes
603 1628 638 1659 in
656 1636 822 1666 scaenam,
843 1625 1017 1670 multaque
1036 1626 1136 1660 tolles

251 1690 291 1712 ex
305 1679 412 1712 oculis
428 1690 513 1722 quae
529 1690 608 1712 mox
624 1683 736 1711 narret
753 1678 910 1711 facundia
926 1689 1114 1721 praesens3

250 1741 292 1763 ne
309 1742 430 1774 pueros
447 1742 560 1764 coram
577 1731 704 1774 populo
720 1731 845 1764 Medea
862 1731 1017 1771 trucidet,

249 1788 307 1815 aut
323 1783 470 1816 humana
485 1783 599 1826 palam
615 1787 737 1826 coquat
753 1787 828 1816 exta
844 1782 989 1816 nefarius
1008 1782 1142 1823 Atreus,

249 1839 307 1867 aut
324 1835 358 1867 in
375 1846 470 1868 avem
488 1837 617 1869 Procne
633 1840 790 1874 vertatur,
815 1834 964 1867 Cadmus
983 1834 1019 1867 in
1034 1845 1188 1878 anguem·

250 1887 485 1929 quodcumque
503 1888 651 1920 ostendis
669 1887 753 1920 mihi
769 1887 826 1926 sic,
850 1885 1048 1920 incredulus
1063 1887 1131 1920 odi.

251 1947 336 1971 neve
352 1937 462 1971 minor
478 1947 544 1971 neu
559 1938 602 1971 sit
617 1938 734 1981 quinto
751 1938 946 1982 productior
962 1943 1038 1974 actu
