1410 2283
294 118 350 146 153
580 119 616 156 Q.
647 118 836 149 HORATI
860 118 1031 150 FLACCI
1245 117 1310 160 [ΠΙ.

291 192 410 230 evenit,
432 192 599 234 inquirant
618 193 697 225 vitia
714 199 749 225 ut
766 198 822 226 tua
839 204 949 226 rursus
965 198 997 226 et
1015 193 1075 226 illi.

291 245 480 276 iracundior
497 251 544 277 est
564 245 675 287 paulo,
695 246 804 277 minus
821 250 918 289 aptus
935 246 1041 278 acutis

292 297 425 328 naribus
442 297 560 328 horum
579 297 751 329 hominum
768 309 776 336 ;
800 298 898 330 rideri
916 298 1020 340 possit
1036 309 1077 331 eo
1093 299 1184 341 quod
1283 314 1316 338 30

289 349 439 380 rusticius
456 354 552 380 tonso
569 355 646 390 toga
663 349 779 381 defluit
795 355 827 382 et
844 349 931 382 male
948 350 1041 382 laxus

290 400 323 432 in
340 401 425 443 pede
441 401 570 433 calceus
587 402 699 434 haeret
713 414 720 433 ε
744 407 777 433 at
793 407 842 433 est
860 402 977 441 bonus,
998 405 1033 434 ut
1050 401 1168 434 melior
1185 402 1234 434 vir

289 463 355 484 non
373 453 455 484 alius
471 453 657 495 quisquam,
679 458 712 484 at
730 453 790 485 tibi
807 453 943 492 amicus,
960 458 994 485 at
1010 453 1180 496 ingenium
1198 454 1314 497 ingens

289 504 414 536 inculto
430 505 508 537 latet
527 505 590 537 hoc
607 505 668 536 sub
685 516 834 548 corpore.
884 505 1029 548 denique
1047 510 1078 538 te
1094 505 1203 548 ipsum

288 562 439 595 concute,
460 567 607 599 numqua
625 557 684 588 tibi
703 557 857 589 vitiorum
875 557 1029 590 inseverit
1046 557 1127 589 olim

288 616 404 642 natura
421 617 476 642 aut
495 611 596 643 etiam
613 612 820 643 consuetudo
838 611 925 643 mala
940 623 947 643 z
971 621 1117 654 namque

287 663 447 704 neglectis
464 663 588 694 urenda
607 662 674 694 filix
692 663 872 695 innascitur
889 663 985 705 agris.

288 714 366 746 illuc
383 720 640 756 praevertamur,
661 721 843 747 amatorem
861 716 950 757 quod
968 715 1095 747 amicae

287 767 396 808 turpia
412 766 582 808 decipiunt
600 777 736 798 caecum
753 767 843 806 vitia,
864 772 920 799 aut
937 767 1038 799 etiam
1055 767 1127 810 ipsa
1142 767 1226 800 haec

286 818 464 856 delectant,
485 818 587 850 veluti
606 819 784 850 Balbinum
802 819 945 861 polypus
963 819 1118 862 Hagnae.
1279 834 1314 858 ⁴0

287 870 407 902 vellem
426 870 459 901 in
476 870 623 902 amicitia
639 871 685 902 sic
702 881 897 909 erraremus,
917 876 950 903 et
966 871 1021 903 isti

287 922 387 953 errori
405 933 526 954 nomen
545 923 648 955 virtus
665 923 828 964 posuisset
845 923 1034 956 honestum.

287 980 320 1006 at
337 979 432 1016 pater
447 980 482 1006 ut
499 975 601 1016 gnati,
623 975 670 1006 sic
686 986 746 1007 nos
763 975 926 1008 debemus
941 976 1039 1008 amici

286 1027 405 1068 siquod
423 1027 464 1058 sit
481 1027 598 1058 vitium
613 1038 679 1058 non
697 1027 852 1059 fastidire.
902 1027 1093 1060 strabonem

286 1079 435 1120 appellat
451 1085 587 1121 paetum
606 1085 709 1121 pater,
731 1084 762 1111 et
777 1079 918 1121 pullum,
938 1080 1025 1112 male
1041 1090 1162 1123 parvus

286 1132 311 1163 si
329 1131 382 1163 cui
400 1131 486 1163 filius
502 1137 561 1170 est,
583 1137 617 1163 ut
635 1132 805 1164 abortivus
822 1132 882 1164 suit
899 1132 979 1164 olim

288 1183 460 1226 Sisyphus.
510 1183 596 1216 hunc
614 1195 729 1215 varum
747 1184 894 1217 distortis
911 1184 1072 1223 cruribus,
1092 1183 1188 1216 illum

285 1236 430 1268 balbutit
447 1247 610 1274 scaurum,
632 1236 743 1278 parvis
760 1236 879 1268 fultum
895 1237 983 1270 male
999 1237 1085 1269 talis.

286 1288 416 1330 parcius
432 1288 486 1320 hic
503 1289 584 1320 vivit
603 1301 609 1319 :
633 1288 718 1330 frugi
735 1289 874 1321 dicatur.
922 1289 1056 1332 ineptus

286 1346 318 1372 et
336 1340 512 1372 iactantior
528 1340 582 1372 hic
601 1341 716 1383 paullo
733 1346 781 1372 est
797 1353 804 1372 :
829 1341 1012 1374 concinnus
1023 1340 1139 1373 amicis

285 1392 431 1434 postulat
448 1398 484 1423 ut
502 1393 662 1425 videatur.
713 1398 746 1424 at
763 1398 812 1425 est
830 1393 1047 1426 truculentior
1062 1397 1163 1434 atque

285 1444 360 1487 plus
375 1455 483 1487 aequo
499 1444 583 1476 liber
599 1457 606 1476 t
631 1445 773 1486 simplex
789 1445 950 1487 sortisque
965 1445 1138 1477 habeatur.

286 1496 411 1528 caldior
428 1502 477 1528 est
494 1507 500 1528 z
525 1497 609 1528 acris
627 1496 712 1528 inter
728 1503 930 1529 numeretur.
977 1497 1106 1538 opinor,

285 1549 367 1581 haec
383 1559 433 1580 res
450 1554 482 1580 et
499 1549 614 1591 iungit,
635 1554 766 1581 iunctos
781 1555 815 1581 et
831 1553 939 1582 servat
955 1549 1090 1581 amicos.

286 1606 319 1632 at
335 1611 396 1632 nos
413 1601 550 1632 virtutes
567 1601 655 1643 ipsas
673 1601 867 1633 invertimus
884 1606 983 1643 atque

285 1653 449 1684 sincerum
466 1653 618 1695 cupimus
634 1663 691 1685 vas
708 1653 898 1685 incrustare.
945 1652 1070 1694 probus
1085 1651 1160 1694 quis

286 1705 460 1736 nobiscum
478 1705 568 1743 vivit,
591 1705 733 1737 multum
749 1705 912 1737 demissus
924 1704 1028 1737 homo
1043 1717 1051 1736 :
1084 1704 1134 1736 illi

285 1757 381 1787 tardo
397 1767 594 1798 cognomen,
615 1757 730 1799 pingui
747 1757 876 1789 damus.
927 1756 981 1788 hic
997 1756 1080 1798 sugit
1096 1757 1206 1789 omnis

286 1808 423 1839 insidias
439 1809 587 1850 nullique
604 1809 693 1840 malo
710 1809 796 1841 latus
812 1809 906 1840 obdit
923 1813 1086 1851 apertum,

284 1870 361 1891 cum
378 1871 481 1901 genus
497 1861 560 1892 hoc
580 1861 664 1892 inter
680 1861 769 1892 vitae
786 1870 962 1898 versemur,
982 1860 1040 1892 ubi
1056 1859 1141 1892 acris

285 1910 411 1943 invidia
427 1917 526 1954 atque
543 1912 656 1953 vigent
673 1912 730 1944 ubi
747 1911 887 1945 crimina
904 1923 912 1943 :
934 1922 997 1955 pro
1012 1912 1099 1945 bene
1115 1921 1196 1944 sano
