1458 2315
107 121 232 164 XX111.]
352 123 631 154 CARMJle
654 122 801 153 LIBER
828 122 895 153 III.
1116 131 1154 162 91

285 203 324 232 tu
336 210 434 243 spem
450 199 582 232 reducis
597 198 770 232 mentibus
786 198 906 238 anxiis,

285 254 441 297 viresque
459 259 492 286 et
509 254 606 286 addis
624 264 749 286 cornua
765 253 906 296 pauperi

329 313 408 351 post
424 313 457 340 te
472 319 584 350 neque
600 308 703 340 iratos
719 307 878 340 trementi

373 371 492 403 regum
508 361 622 403 apices
639 370 750 403 neque
766 359 913 392 militum
930 369 1034 392 arma.
1120 373 1155 390 20

285 471 320 499 te
337 464 442 498 Liber
456 469 490 497 et
507 465 535 498 si
552 464 641 497 laeta
658 464 767 497 aderit
784 465 902 497 Venus

283 529 471 562 segnesque
486 518 616 551 nodum
633 518 762 550 solvere
780 517 919 550 Gnatiae

328 571 495 614 vivaeque
513 571 701 614 producent
718 571 886 609 lucernae,

371 625 454 657 dum
470 624 603 657 rediens
619 624 714 668 fugat
729 629 819 656 astra
836 623 1003 656 Phoebus.

103 858 227 892 XXII.
401 857 606 892 ONTIUM
623 862 736 891 custos
752 868 997 901 nemorumque
1015 857 1134 901 Virgo,

422 923 510 956 quae
527 912 715 945 laborantis
732 916 828 944 utero
844 911 977 954 puellas

279 969 331 997 ter
346 970 467 998 vocata
483 966 580 998 audis
597 965 786 1008 adimisque
803 965 883 1005 leto,

459 1018 538 1050 diva
555 1018 725 1058 triformis,

285 1120 467 1153 imminens
484 1121 583 1154 villae
602 1126 661 1154 tua
673 1122 773 1164 pinus
790 1127 873 1161 esto,

281 1183 384 1216 quam
400 1185 461 1216 per
477 1179 612 1206 exactos
629 1185 692 1216 ego
709 1174 817 1206 laetus
833 1185 940 1207 annos

281 1227 384 1260 verris
401 1227 580 1270 obliquum
596 1227 791 1259 meditantis
808 1228 912 1260 ictum

458 1279 621 1323 sanguine
638 1280 775 1313 donem.

99 1518 246 1553 XXIII.
358 1519 492 1553 AELO
511 1519 648 1562 supinas
660 1519 687 1552 si
704 1518 818 1552 tuleris
834 1530 955 1552 manus

382 1578 541 1606 nascente
559 1573 646 1612 luna,
669 1572 792 1605 rustica
811 1572 968 1615 Phidyle,

322 1627 349 1659 si
367 1630 440 1659 ture
456 1626 600 1669 placaris
613 1631 645 1658 et
662 1625 771 1658 horna

365 1679 459 1722 fruge
477 1680 582 1712 Lares
599 1678 765 1721 avidaque
781 1689 894 1722 porca,

275 1793 337 1816 nec
350 1782 565 1826 pestilentem
582 1782 703 1815 sentiet
720 1782 874 1815 Africum

273 1835 417 1868 secunda
433 1835 521 1874 vitis,
540 1846 602 1867 nec
615 1835 764 1867 sterilem
781 1846 876 1878 seges

142 1912 160 1919 ..
318 1888 508 1931 robiginem
525 1893 583 1921 aut
599 1888 715 1921 dulces
731 1889 859 1921 alumni

360 1941 528 1983 pomifero
543 1952 646 1984 grave
663 1947 796 1985 tempus
811 1953 911 1975 anno.
