1458 2315
125 158 190 201 1v.]
378 159 436 190 SA
447 159 680 190 TJRARUM
702 160 846 190 LIBER
873 162 901 191 l.
1104 171 1159 199 171

125 235 277 278 optimus
293 240 342 268 est
358 235 551 267 modulator
564 247 572 275 ;
597 239 633 268 ut
651 234 795 268 Alfenus
810 235 912 275 vafer,
932 236 1024 268 omni
1112 252 1162 276 130

125 289 261 321 abiecto
278 289 502 320 instrumento
519 288 598 320 artis
615 287 795 330 clausaque
811 288 961 327 taberna,

125 346 243 374 tonsor
259 346 330 373 erat
346 352 355 378 ;
380 341 513 383 sapiens
529 341 640 383 operis
657 341 704 372 sic
721 341 868 383 optimus
885 341 996 373 omnis

125 399 178 426 est
193 393 308 436 opifex
324 393 426 432 solus,
445 393 493 425 sic
510 392 589 425 rex.'
635 393 766 425 vellunt
783 393 845 425 tibi
862 394 1003 426 barbam

125 445 243 478 lascivi
259 445 354 488 pueri
371 457 380 485 ;
405 456 490 488 quos
506 451 543 477 tu
558 445 624 477 nisi
640 445 726 478 suste
743 456 887 486 coerces,

125 499 277 541 urgueris
292 498 391 530 turba
407 499 533 530 circum
550 503 582 530 te
599 503 708 530 stante
725 498 893 541 miserque

125 551 291 594 rumperis
306 556 339 583 et
355 550 468 590 latras,
490 561 690 593 magnorum
707 551 854 583 maxime
871 562 997 593 regum.

124 614 168 636 ne
184 604 325 645 longum
342 603 463 635 faciam
480 616 488 636 :
512 603 595 635 dum
612 608 647 635 tu
664 603 850 645 quadrante
868 604 1018 637 lavattun

125 667 183 688 rex
200 656 265 688 ibis
281 666 391 698 neque
408 660 440 688 te
456 656 636 698 quisquam
653 656 796 698 stipator
812 657 964 698 ineptum

123 713 258 751 praeter
274 708 470 750 Crispinum
487 708 679 746 sectabitur,
700 714 733 740 et
749 709 833 740 mihi
850 709 966 742 dulces

123 761 310 803 ignoscent,
331 760 441 803 siquid
459 771 601 803 peccaro
618 760 748 799 stultus,
770 761 882 801 amici,
1109 780 1158 803 140

123 813 226 855 inque
242 813 351 846 vicem
368 813 502 844 illorum
518 813 628 855 patiar
644 813 770 845 delicta
785 813 940 854 libenter,

122 866 341 910 privatusque
357 865 466 908 magis
481 866 595 898 vivam
611 870 644 898 te
661 877 739 908 rege
755 866 885 900 beatus.

123 1131 188 1163 IV.
223 1131 485 1215 EUPOLIS
518 1137 619 1175 atque
648 1132 806 1166 Cratinus
838 1135 1155 1180 Aristophanesque

438 1189 559 1226 poetae

121 1241 225 1279 atque
243 1236 299 1268 alii
317 1246 459 1278 quorum
473 1236 649 1268 comoedia
665 1237 775 1279 prisca
791 1239 938 1271 virorum
957 1246 1016 1280 est,

120 1289 226 1331 siquis
242 1293 312 1321 erat
329 1288 450 1330 dignus
467 1289 623 1327 describi,
643 1291 736 1332 quod
752 1291 860 1323 malus
876 1303 915 1324 ac
932 1293 992 1333 sur,

122 1341 215 1384 quod
231 1341 392 1373 moechus
410 1341 494 1373 soret
511 1347 567 1373 aut
586 1342 724 1375 sicarius
741 1348 798 1376 aut
814 1344 942 1387 alioqui

121 1394 281 1433 famosus,
302 1393 408 1425 multa
423 1404 501 1425 curn
518 1393 672 1426 libertate
690 1397 862 1429 notabant.

119 1446 199 1479 hinc
216 1446 326 1478 omnis
343 1445 467 1488 pendet
485 1446 643 1486 Lucilius,
665 1447 765 1480 hosce
782 1455 925 1489 secutus,

118 1499 258 1531 mutatis
276 1504 406 1530 tantum
423 1499 566 1540 pedibus
583 1501 809 1543 numerisque,
831 1502 968 1543 facetus,

118 1557 295 1584 emunctae
313 1551 412 1589 naris,
433 1551 535 1583 durus
552 1563 754 1594 componere
772 1565 897 1587 versus.

118 1615 198 1636 nam
215 1604 276 1636 suit
293 1604 357 1636 hoc
375 1604 514 1636 vitiosus
533 1616 539 1636 z
565 1605 598 1636 in
615 1605 698 1637 hora
725 1617 824 1649 saepe
841 1608 1013 1649 ducentos,

119 1662 153 1689 ut
172 1667 343 1699 magnum,
364 1668 478 1689 versus
495 1657 644 1690 dictabat
662 1664 752 1691 stans
769 1660 855 1702 pede
873 1661 906 1693 in
924 1672 992 1694 uno
1120 1679 1152 1696 10

117 1720 194 1741 cum
209 1709 324 1742 flueret
343 1709 537 1749 lutulentus,
558 1716 627 1742 erat
645 1712 735 1753 quod
753 1713 870 1746 tollere
887 1714 990 1747 vclles
1006 1726 1016 1754 ;

115 1762 268 1804 garrulus
285 1767 387 1805 atque
403 1762 499 1804 piger
517 1764 684 1796 scribendi
705 1765 788 1797 serre
806 1766 968 1807 laborem,

117 1815 285 1847 scribendi
303 1820 392 1847 recte
408 1826 418 1854 ;
443 1826 521 1847 nam
540 1822 575 1848 ut
591 1816 746 1856 multum,
768 1819 814 1850 nil
834 1830 954 1851 moror.
1002 1832 1080 1854 ecce

118 1867 295 1909 Crispinus
313 1867 454 1899 minimo
471 1879 525 1900 me
543 1876 703 1911 provocat
721 1883 728 1902 :
759 1872 767 1886 ‘
780 1873 907 1914 accipe,
929 1873 956 1905 si
973 1873 1033 1913 vis,

115 1920 281 1962 accipiam
298 1920 429 1952 tabulas
446 1933 455 1959 ;
479 1921 578 1953 detur
595 1923 694 1955 nobis
711 1924 814 1963 locus,
836 1924 930 1964 hora,

116 1973 271 2005 custodes
284 1984 295 2012 3
321 1973 495 2006 videamus
514 1981 586 2007 uter
602 1975 678 2018 plus
695 1977 841 2010 seribere
858 1977 988 2021 possit.’
