1458 2315
114 145 154 187 1.]
327 146 691 179 EPISTULARUM
715 149 860 180 LIBER
888 150 934 180 ll.
1097 153 1157 191 265

111 223 183 256 iam
200 221 330 257 Saliare
346 224 484 258 Numae
500 235 635 258 carmen
653 225 710 268 qui
726 224 852 265 laudat,
875 230 907 258 et
925 225 1010 258 illud

113 276 207 319 quod
222 287 356 309 mecum
372 277 506 320 ignorat
522 277 612 310 solus
630 278 701 310 volt
718 279 801 311 scire
817 279 936 319 videri,

112 329 260 372 ingeniis
274 340 344 362 non
360 330 419 363 ille
435 330 523 363 favet
540 330 738 373 plauditque
755 331 905 374 sepultis,

113 387 229 415 nostra
244 383 303 416 sed
321 382 508 426 impugnat,
528 394 592 416 nos
606 389 787 426 nostraque
804 385 928 417 lividus
944 385 1026 418 odit.

113 433 237 476 quodsi
253 439 323 466 tam
341 434 480 467 Graecis
497 434 630 467 novitas
646 434 755 467 invisa
772 435 887 467 fuisset
1124 451 1158 476 90

113 496 217 528 quam
233 486 342 526 nobis,
362 487 445 530 quid
461 497 551 519 nunc
567 491 654 520 esset
671 489 791 520 vetus?
815 493 871 520 aut
889 488 970 530 quid
987 488 1129 522 haberet

114 540 205 581 quod
222 539 348 582 legeret
363 544 551 583 tereretque
568 541 692 573 viritim
711 541 866 584 publicus
884 552 963 574 usus
974 544 989 574 ?

113 597 150 624 ut
166 592 312 635 primum
329 593 447 636 positis
463 593 582 635 nugari
599 594 743 626 Graecia
758 594 857 627 bellis

114 645 227 688 coepit
244 651 277 678 et
294 646 328 678 in
345 646 463 678 vitium
479 646 614 678 fortuna
630 647 738 679 labier
755 658 874 690 aequa,

113 709 204 731 nunc
219 698 421 732 athletarum
438 699 567 738 studiis,
588 710 678 732 nunc
694 700 775 732 arsit
791 711 964 742 equorum,

115 752 293 784 marmoris
308 757 366 784 aut
382 752 494 784 eboris
510 752 623 784 fabros
639 757 696 784 aut
715 753 801 785 aeris
817 753 955 793 amavit,

114 804 289 846 suspendit
305 805 395 847 picta
410 805 541 837 voltum
557 809 777 848 mentemque
795 806 929 845 tabella,

113 866 203 889 nunc
220 857 424 896 tibicinibus,
445 868 535 890 nunc
553 862 602 890 est
619 858 735 900 gavisa
752 859 921 901 tragoedis
935 870 945 899 ;

113 909 176 941 sub
193 910 321 942 nutrice
337 910 452 952 puella
467 910 559 943 velut
574 910 603 943 si
619 910 748 943 luderet
766 911 886 951 infans,
1149 955 1151 957 η

114 962 207 1005 quod
225 963 346 1006 cupide
363 963 471 1006 petiit,
492 968 623 996 mature
639 963 740 1006 plena
758 965 904 1007 reliquit.
1109 982 1160 1000 100

115 1014 197 1056 quid
214 1014 324 1057 placet
341 1020 397 1047 aut
415 1015 494 1048 odio
512 1020 571 1055 est,
593 1017 685 1058 quod
702 1027 772 1048 non
788 1017 953 1050 mutabile
971 1017 1114 1052 credas?

91 1078 96 1083 ·
114 1066 180 1099 hoc
197 1078 297 1109 paces
312 1067 459 1100 habuere
476 1068 586 1101 bonae
603 1069 763 1111 ventique
781 1071 928 1104 secundi.

115 1119 248 1152 Rornae
263 1120 361 1153 dulce
377 1120 435 1152 diu
452 1120 514 1152 suit
530 1126 563 1154 et
576 1122 738 1154 sollemne
755 1123 883 1155 reclusa

115 1183 216 1205 mane
233 1173 336 1205 domo
354 1173 503 1215 vigilare,
524 1174 638 1206 clienti
655 1185 809 1216 promere
826 1175 908 1216 iura,

115 1229 232 1258 cautos
250 1226 443 1258 nominibus
458 1226 558 1259 rectis
576 1227 767 1269 expendere
784 1238 951 1269 nummos,

115 1279 260 1311 maiores
277 1279 402 1318 audire,
424 1279 546 1311 minori
564 1279 686 1319 dicere,
707 1291 767 1323 per
783 1292 871 1324 quae

113 1342 262 1364 crescere
280 1342 332 1364 res
349 1336 471 1374 posset,
492 1332 597 1364 minui
614 1332 778 1366 damnosa
795 1334 912 1368 libido.

116 1384 259 1417 mutavit
277 1389 425 1417 mentem
443 1385 588 1427 populus
604 1385 688 1418 levis
704 1391 737 1419 et
754 1387 839 1420 calet
857 1399 925 1421 uno

114 1438 283 1471 scribendi
303 1437 436 1477 studim
461 1438 556 1480 pueri
573 1443 751 1482 patresque
769 1441 874 1473 severi

113 1492 233 1526 fronde
247 1502 360 1525 comas
380 1491 482 1523 vincti
499 1496 622 1524 cenant
639 1497 671 1524 et
689 1493 838 1525 earmina
854 1494 998 1526 dictant.
1110 1510 1160 1529 110

112 1544 186 1587 ipse
203 1556 278 1588 ego,
300 1545 356 1588 qui
374 1543 485 1576 nullos
502 1554 557 1576 me
573 1544 716 1577 adfirmo
734 1546 878 1579 scribere
896 1557 1021 1587 versus,

110 1596 267 1631 invenior
285 1597 418 1631 Parthis
436 1596 642 1636 mendacior,
663 1602 697 1630 et
714 1599 805 1640 pn'us
821 1605 896 1632 cito

112 1651 183 1684 sole
199 1651 280 1694 vigil
299 1651 467 1684 calamum
487 1654 519 1682 et
534 1649 665 1682 chartas
683 1656 715 1683 et
733 1652 854 1684 scrinia
870 1663 984 1695 posco.

112 1713 234 1736 navem
251 1715 350 1746 agere
372 1704 507 1747 ignarus
525 1704 620 1736 navis
637 1705 756 1745 timet3
781 1705 1008 1738 habrotonum
1027 1717 1128 1749 aegro

112 1767 181 1789 non
200 1758 301 1790 audet
318 1757 382 1790 nisi
404 1758 463 1800 qui
483 1758 600 1790 didicit
615 1758 718 1795 dare;
744 1759 833 1800 quod
854 1759 1061 1792 medicorum
1079 1765 1129 1793 est

111 1811 317 1852 promittunt
335 1811 482 1849 medici3
507 1815 652 1843 tractant
671 1811 803 1842 fabrilia
820 1810 904 1843 fabri
922 1822 929 1844 :

109 1863 286 1896 scribimus
304 1864 433 1897 indocti
450 1864 610 1906 doctique
629 1869 786 1906 poemata
804 1864 942 1906 passim.

111 1914 167 1948 hie
183 1927 275 1950 error
291 1921 404 1950 tamen
421 1922 454 1950 et
471 1917 554 1949 levis
571 1917 656 1950 haec
674 1917 804 1949 insania
822 1922 967 1960 quantas

112 1968 250 2003 virtutes
266 1970 389 2003 habeat
407 1970 454 2002 sic
469 1969 603 2013 collige.
655 1970 741 2003 vatis
757 1981 877 2004 avarus
1111 1987 1159 2013 υς

384 2028 426 2064 18
