1410 2283
253 950 354 983 XXI.

535 151 571 189 Q.
604 149 735 180 ΗΘΚΛ
744 149 795 179 T!
817 148 991 181 FLACCI
1182 147 1273 190 [xxi.

423 225 567 263 interim,
587 224 669 256 dum
686 228 721 257 tu
737 222 862 257 celeres
878 223 1018 268 sagittas

422 277 558 320 promiS‚
578 277 662 310 haee
677 276 795 310 dentes
811 276 899 310 acuit
916 276 1096 316 timendos,
1248 291 1281 309 ιο

424 331 547 363 arbiter
564 340 696 374 pugnae
713 329 862 372 posuisse
878 329 971 363 nudo

598 383 661 415 sub
678 382 764 426 pede
779 381 927 426 palmam

425 510 537 549 fertur,
558 517 589 543 et
608 510 674 543 leni
692 521 841 544 recreare
857 514 960 544 vento

424 574 575 607 sparsum
592 563 741 596 odoratis
755 574 908 596 umerum
924 561 1067 607 mpillis,

424 616 533 659 qualis
548 620 605 648 aut
624 615 747 649 Nireus
764 615 824 649 suit
840 620 896 649 aut
914 626 1040 659 aquosa

603 673 716 711 raptus
734 668 777 701 ab
794 668 868 701 Ida.

540 950 678 983 NATA
694 959 825 982 mecum
842 949 978 982 consule
995 948 1137 990 Manlio,

545 1014 602 1036 seu
616 1008 650 1035 tu
664 1002 815 1046 querelas
831 1002 901 1035 sive
916 1002 1004 1044 geris
1021 1002 1113 1035 iocos

473 1066 530 1088 seu
547 1055 653 1087 rixam
669 1060 701 1088 et
719 1055 853 1087 insanos
867 1064 999 1087 amores

517 1118 574 1140 seu
593 1107 735 1146 facilem,
756 1107 811 1150 pia
828 1111 924 1146 testa,
943 1115 1111 1146 somnum,

427 1239 640 1272 quocumque
658 1229 779 1261 lectum
792 1228 929 1262 nomine
946 1227 1129 1262 Massicum

427 1293 550 1321 servaS,
571 1281 698 1314 moveri
713 1281 818 1323 digna
834 1281 925 1313 bono
940 1280 1007 1320 die,

470 1333 648 1372 descende,
669 1332 818 1365 Corvino
834 1332 971 1364 iubente

517 1395 671 1427 promere
688 1383 899 1427 languidiora
911 1382 1000 1415 vina.

429 1517 497 1538 non
514 1506 579 1545 ille,
600 1516 805 1549 quamquam
823 1503 1002 1538 Socraticis
1014 1504 1129 1538 madet

427 1559 647 1598 sermonibus,
667 1564 700 1591 te
716 1557 870 1601 negleget
886 1556 1052 1590 horridus.
1252 1569 1287 1590 ro

472 1616 625 1643 narratur
639 1616 671 1643 et
688 1610 787 1653 prisci
804 1609 945 1642 Catonis

518 1673 618 1706 saepe
635 1673 728 1695 mero
743 1661 884 1696 caluisse
899 1662 1014 1694 w'rtus.

428 1789 464 1817 tu
480 1784 554 1818 lene
570 1788 775 1818 tormentum
792 1783 928 1827 ingenio
945 1782 1107 1816 admoves

428 1837 624 1880 plerumque
640 1837 724 1869 duro
739 1847 750 1876 ς
772 1841 809 1869 tu
825 1835 1029 1879 sapientium

473 1899 568 1921 curas
578 1894 611 1921 et
627 1899 784 1922 arcanum
801 1888 917 1921 iocoso

516 1940 692 1972 consilium
709 1939 830 1983 retegis
846 1939 986 1982 Lyaeo3
