<?xml version="1.0" encoding="UTF-8"?>
<!DOCTYPE html PUBLIC "-//W3C//DTD XHTML 1.0 Transitional//EN"
    "http://www.w3.org/TR/xhtml1/DTD/xhtml1-transitional.dtd">
<html xmlns="http://www.w3.org/1999/xhtml" xml:lang="en" lang="en">
 <head>
  <title>
</title>
<meta http-equiv="Content-Type" content="text/html;charset=utf-8" />
  <meta name='ocr-system' content='tesseract 3.04.00' />
  <meta name='ocr-capabilities' content='ocr_page ocr_carea ocr_par ocr_line ocrx_word'/>
</head>
<body>
  <div class='ocr_page' id='page_1' title='image "./operacornish00horauoft_0020.png"; bbox 0 0 1410 2283; ppageno 0'>
   <div class='ocr_carea' id='block_1_1' title="bbox 251 1264 297 1297">
    <p class='ocr_par' dir='ltr' id='par_1_1' title="bbox 251 1264 297 1297">
     <span class='ocr_line' id='line_1_1' title="bbox 251 1264 297 1297; baseline 0 0"><span class='ocrx_word' id='word_1_1' title='bbox 251 1264 297 1297; x_wconf 88' lang='lat'>11.</span> 
     </span>
    </p>
   </div>
   <div class='ocr_carea' id='block_1_2' title="bbox 525 124 980 169">
    <p class='ocr_par' dir='ltr' id='par_1_2' title="bbox 525 124 980 169">
     <span class='ocr_line' id='line_1_2' title="bbox 525 124 980 169; baseline -0.011 -8"><span class='ocrx_word' id='word_1_2' title='bbox 525 131 560 169; x_wconf 84' lang='lat' dir='ltr'>Q.</span> <span class='ocrx_word' id='word_1_3' title='bbox 592 127 783 160; x_wconf 82' lang='lat' dir='ltr'><em>HORATI</em></span> <span class='ocrx_word' id='word_1_4' title='bbox 809 124 980 157; x_wconf 85' lang='lat' dir='ltr'><em>FLACCI</em></span> 
     </span>
    </p>
   </div>
   <div class='ocr_carea' id='block_1_3' title="bbox 327 199 1100 1029">
    <p class='ocr_par' dir='ltr' id='par_1_3' title="bbox 327 199 1100 509">
     <span class='ocr_line' id='line_1_3' title="bbox 327 199 1077 250; baseline -0.009 -10"><span class='ocrx_word' id='word_1_5' title='bbox 327 207 464 250; x_wconf 71' lang='lat' dir='ltr'>spernit,</span> <span class='ocrx_word' id='word_1_6' title='bbox 485 215 573 238; x_wconf 87' lang='lat' dir='ltr'>nunc</span> <span class='ocrx_word' id='word_1_7' title='bbox 592 202 690 236; x_wconf 79' lang='lat' dir='ltr'>viridi</span> <span class='ocrx_word' id='word_1_8' title='bbox 708 201 861 235; x_wconf 80' lang='lat' dir='ltr'>membra</span> <span class='ocrx_word' id='word_1_9' title='bbox 877 200 940 234; x_wconf 79' lang='lat' dir='ltr'>sub</span> <span class='ocrx_word' id='word_1_10' title='bbox 955 199 1077 233; x_wconf 76' lang='lat' dir='ltr'>arbuto</span> 
     </span>
     <span class='ocr_line' id='line_1_4' title="bbox 327 254 1100 299; baseline -0.008 -7"><span class='ocrx_word' id='word_1_11' title='bbox 327 266 462 297; x_wconf 69' lang='lat' dir='ltr'>sumus,</span> <span class='ocrx_word' id='word_1_12' title='bbox 480 268 567 289; x_wconf 88' lang='lat' dir='ltr'>nunc</span> <span class='ocrx_word' id='word_1_13' title='bbox 585 256 627 288; x_wconf 81' lang='lat' dir='ltr'>ad</span> <span class='ocrx_word' id='word_1_14' title='bbox 645 266 752 299; x_wconf 84' lang='lat' dir='ltr'>aquae</span> <span class='ocrx_word' id='word_1_15' title='bbox 770 254 844 287; x_wconf 85' lang='lat' dir='ltr'>lene</span> <span class='ocrx_word' id='word_1_16' title='bbox 859 258 960 296; x_wconf 75' lang='lat' dir='ltr'>caput</span> <span class='ocrx_word' id='word_1_17' title='bbox 977 261 1100 286; x_wconf 75' lang='lat' dir='ltr'>sacrae.</span> 
     </span>
     <span class='ocr_line' id='line_1_5' title="bbox 329 306 978 344; baseline -0.008 0"><span class='ocrx_word' id='word_1_18' title='bbox 329 312 450 344; x_wconf 73' lang='lat' dir='ltr'>multos</span> <span class='ocrx_word' id='word_1_19' title='bbox 466 317 575 343; x_wconf 74' lang='lat' dir='ltr'>castra</span> <span class='ocrx_word' id='word_1_20' title='bbox 594 309 708 341; x_wconf 82' lang='lat' dir='ltr'>iuvant</span> <span class='ocrx_word' id='word_1_21' title='bbox 725 313 758 340; x_wconf 82' lang='lat' dir='ltr'>et</span> <span class='ocrx_word' id='word_1_22' title='bbox 776 307 860 340; x_wconf 80' lang='lat' dir='ltr'>lituo</span> <span class='ocrx_word' id='word_1_23' title='bbox 876 306 978 339; x_wconf 81' lang='lat' dir='ltr'>tubae</span> 
     </span>
     <span class='ocr_line' id='line_1_6' title="bbox 329 358 1011 407; baseline -0.007 -11"><span class='ocrx_word' id='word_1_24' title='bbox 329 363 511 407; x_wconf 78' lang='lat' dir='ltr'>permixtus</span> <span class='ocrx_word' id='word_1_25' title='bbox 528 362 656 395; x_wconf 84' lang='lat' dir='ltr'>sonitus</span> <span class='ocrx_word' id='word_1_26' title='bbox 674 359 830 403; x_wconf 78' lang='lat' dir='ltr'>bellaque</span> <span class='ocrx_word' id='word_1_27' title='bbox 847 358 1011 392; x_wconf 79' lang='lat' dir='ltr'>matribus</span> 
     </span>
     <span class='ocr_line' id='line_1_7' title="bbox 328 411 980 455; baseline -0.006 -7"><span class='ocrx_word' id='word_1_28' title='bbox 328 418 501 449; x_wconf 68' lang='lat' dir='ltr'>detestata.</span> <span class='ocrx_word' id='word_1_29' title='bbox 549 420 661 447; x_wconf 83' lang='lat' dir='ltr'>manet</span> <span class='ocrx_word' id='word_1_30' title='bbox 679 413 742 446; x_wconf 89' lang='lat' dir='ltr'>sub</span> <span class='ocrx_word' id='word_1_31' title='bbox 761 413 841 446; x_wconf 84' lang='lat' dir='ltr'>Iove</span> <span class='ocrx_word' id='word_1_32' title='bbox 859 411 980 455; x_wconf 80' lang='lat' dir='ltr'>frigido</span> 
     </span>
     <span class='ocr_line' id='line_1_8' title="bbox 329 465 989 509; baseline -0.006 -9"><span class='ocrx_word' id='word_1_33' title='bbox 329 475 467 501; x_wconf 76' lang='lat' dir='ltr'>venator</span> <span class='ocrx_word' id='word_1_34' title='bbox 484 473 617 500; x_wconf 81' lang='lat' dir='ltr'>tenerae</span> <span class='ocrx_word' id='word_1_35' title='bbox 633 466 785 509; x_wconf 82' lang='lat' dir='ltr'>coniugis</span> <span class='ocrx_word' id='word_1_36' title='bbox 803 465 989 504; x_wconf 80' lang='lat' dir='ltr'>immemor,</span> 
     </span>
    </p>

    <p class='ocr_par' dir='ltr' id='par_1_4' title="bbox 329 516 974 556">
     <span class='ocr_line' id='line_1_9' title="bbox 329 516 974 556; baseline -0.006 -3"><span class='ocrx_word' id='word_1_37' title='bbox 329 533 386 554; x_wconf 69' lang='lat' dir='ltr'>,seu</span> <span class='ocrx_word' id='word_1_38' title='bbox 405 521 474 552; x_wconf 86' lang='lat' dir='ltr'>visa</span> <span class='ocrx_word' id='word_1_39' title='bbox 490 526 538 553; x_wconf 84' lang='lat' dir='ltr'>cst</span> <span class='ocrx_word' id='word_1_40' title='bbox 557 519 675 552; x_wconf 85' lang='lat' dir='ltr'>catulis</span> <span class='ocrx_word' id='word_1_41' title='bbox 692 529 790 551; x_wconf 84' lang='lat' dir='ltr'>cerva</span> <span class='ocrx_word' id='word_1_42' title='bbox 807 516 974 556; x_wconf 80' lang='lat' dir='ltr'>fidelibus,</span> 
     </span>
    </p>

    <p class='ocr_par' dir='ltr' id='par_1_5' title="bbox 329 569 1019 616">
     <span class='ocr_line' id='line_1_10' title="bbox 329 569 1019 616; baseline -0.007 -9"><span class='ocrx_word' id='word_1_43' title='bbox 329 585 386 607; x_wconf 81' lang='lat' dir='ltr'>seu</span> <span class='ocrx_word' id='word_1_44' title='bbox 403 573 492 616; x_wconf 82' lang='lat' dir='ltr'>rupit</span> <span class='ocrx_word' id='word_1_45' title='bbox 509 577 630 605; x_wconf 81' lang='lat' dir='ltr'>teretes</span> <span class='ocrx_word' id='word_1_46' title='bbox 648 571 779 603; x_wconf 81' lang='lat' dir='ltr'>Marsus</span> <span class='ocrx_word' id='word_1_47' title='bbox 796 581 876 614; x_wconf 83' lang='lat' dir='ltr'>aper</span> <span class='ocrx_word' id='word_1_48' title='bbox 892 569 1019 614; x_wconf 76' lang='lat' dir='ltr'>plagas.</span> 
     </span>
    </p>

    <p class='ocr_par' dir='ltr' id='par_1_6' title="bbox 330 621 1091 1029">
     <span class='ocr_line' id='line_1_11' title="bbox 330 621 1078 667; baseline -0.008 -8"><span class='ocrx_word' id='word_1_49' title='bbox 330 637 382 659; x_wconf 88' lang='lat' dir='ltr'>me</span> <span class='ocrx_word' id='word_1_50' title='bbox 398 626 573 658; x_wconf 81' lang='lat' dir='ltr'>doctarum</span> <span class='ocrx_word' id='word_1_51' title='bbox 590 623 735 657; x_wconf 82' lang='lat' dir='ltr'>hederae</span> <span class='ocrx_word' id='word_1_52' title='bbox 753 622 901 667; x_wconf 83' lang='lat' dir='ltr'>praemia</span> <span class='ocrx_word' id='word_1_53' title='bbox 920 621 1078 654; x_wconf 83' lang='lat' dir='ltr'>frontium</span> 
     </span>
     <span class='ocr_line' id='line_1_12' title="bbox 330 674 1070 721; baseline -0.008 -9"><span class='ocrx_word' id='word_1_54' title='bbox 330 679 382 712; x_wconf 88' lang='lat' dir='ltr'>dis</span> <span class='ocrx_word' id='word_1_55' title='bbox 398 679 538 711; x_wconf 82' lang='lat' dir='ltr'>miscent</span> <span class='ocrx_word' id='word_1_56' title='bbox 556 677 694 721; x_wconf 81' lang='lat' dir='ltr'>superis,</span> <span class='ocrx_word' id='word_1_57' title='bbox 715 686 769 709; x_wconf 86' lang='lat' dir='ltr'>me</span> <span class='ocrx_word' id='word_1_58' title='bbox 785 674 935 719; x_wconf 85' lang='lat' dir='ltr'>gelidum</span> <span class='ocrx_word' id='word_1_59' title='bbox 951 684 1070 707; x_wconf 87' lang='lat' dir='ltr'>nemus</span> 
     </span>
     <span class='ocr_line' id='line_1_13' title="bbox 332 725 1091 774; baseline -0.008 -9"><span class='ocrx_word' id='word_1_60' title='bbox 332 731 636 774; x_wconf 82' lang='lat' dir='ltr'>Nympharumque</span> <span class='ocrx_word' id='word_1_61' title='bbox 653 730 742 762; x_wconf 83' lang='lat' dir='ltr'>leves</span> <span class='ocrx_word' id='word_1_62' title='bbox 759 739 835 761; x_wconf 87' lang='lat' dir='ltr'>cum</span> <span class='ocrx_word' id='word_1_63' title='bbox 853 727 982 770; x_wconf 78' lang='lat' dir='ltr'>Satyris</span> <span class='ocrx_word' id='word_1_64' title='bbox 997 725 1091 760; x_wconf 87' lang='lat' dir='ltr'>chori</span> 
     </span>
     <span class='ocr_line' id='line_1_14' title="bbox 332 780 952 826; baseline -0.008 -9"><span class='ocrx_word' id='word_1_65' title='bbox 332 789 508 817; x_wconf 83' lang='lat' dir='ltr'>secernunt</span> <span class='ocrx_word' id='word_1_66' title='bbox 525 782 663 826; x_wconf 83' lang='lat' dir='ltr'>populo,</span> <span class='ocrx_word' id='word_1_67' title='bbox 683 781 710 813; x_wconf 72' lang='grc' dir='ltr'>.κί</span> <span class='ocrx_word' id='word_1_68' title='bbox 727 791 836 824; x_wconf 87' lang='lat' dir='ltr'>neque</span> <span class='ocrx_word' id='word_1_69' title='bbox 853 780 952 813; x_wconf 78' lang='lat' dir='ltr'>tibias</span> 
     </span>
     <span class='ocr_line' id='line_1_15' title="bbox 333 832 955 880; baseline -0.01 -9"><span class='ocrx_word' id='word_1_70' title='bbox 333 838 480 880; x_wconf 73' lang='lat' dir='ltr'>Euterpe</span> <span class='ocrx_word' id='word_1_71' title='bbox 495 836 631 869; x_wconf 79' lang='lat' dir='ltr'>cohibet</span> <span class='ocrx_word' id='word_1_72' title='bbox 650 845 711 868; x_wconf 86' lang='lat' dir='ltr'>nec</span> <span class='ocrx_word' id='word_1_73' title='bbox 731 832 955 876; x_wconf 83' lang='lat' dir='ltr'>Polyhymnia</span> 
     </span>
     <span class='ocr_line' id='line_1_16' title="bbox 334 885 982 931; baseline -0.009 -8"><span class='ocrx_word' id='word_1_74' title='bbox 334 891 503 923; x_wconf 60' lang='lat' dir='ltr'>Les-boum</span> <span class='ocrx_word' id='word_1_75' title='bbox 521 888 641 931; x_wconf 79' lang='lat' dir='ltr'>refugit</span> <span class='ocrx_word' id='word_1_76' title='bbox 660 887 797 920; x_wconf 84' lang='lat' dir='ltr'>tendere</span> <span class='ocrx_word' id='word_1_77' title='bbox 813 885 982 919; x_wconf 83' lang='lat' dir='ltr'>barbiton.</span> 
     </span>
     <span class='ocr_line' id='line_1_17' title="bbox 334 938 954 986; baseline -0.006 -11"><span class='ocrx_word' id='word_1_78' title='bbox 334 942 454 986; x_wconf 78' lang='lat' dir='ltr'>quodsi</span> <span class='ocrx_word' id='word_1_79' title='bbox 471 952 524 975; x_wconf 85' lang='lat' dir='ltr'>me</span> <span class='ocrx_word' id='word_1_80' title='bbox 542 941 653 983; x_wconf 85' lang='lat' dir='ltr'>lyricis</span> <span class='ocrx_word' id='word_1_81' title='bbox 670 939 802 973; x_wconf 74' lang='lat' dir='ltr'>vatibus</span> <span class='ocrx_word' id='word_1_82' title='bbox 819 938 954 975; x_wconf 80' lang='lat' dir='ltr'>inseres,</span> 
     </span>
     <span class='ocr_line' id='line_1_18' title="bbox 337 991 882 1029; baseline -0.007 0"><span class='ocrx_word' id='word_1_83' title='bbox 337 995 471 1029; x_wconf 84' lang='lat' dir='ltr'>sublimi</span> <span class='ocrx_word' id='word_1_84' title='bbox 489 994 604 1027; x_wconf 76' lang='lat' dir='ltr'>feriam</span> <span class='ocrx_word' id='word_1_85' title='bbox 622 993 731 1027; x_wconf 81' lang='lat' dir='ltr'>sidem</span> <span class='ocrx_word' id='word_1_86' title='bbox 747 991 882 1026; x_wconf 81' lang='lat' dir='ltr'>vertice.</span> 
     </span>
    </p>
   </div>
   <div class='ocr_carea' id='block_1_4' title="bbox 337 1259 1014 1457">
    <p class='ocr_par' dir='ltr' id='par_1_7' title="bbox 337 1259 1014 1457">
     <span class='ocr_line' id='line_1_19' title="bbox 390 1259 1000 1304; baseline -0.005 -8"><span class='ocrx_word' id='word_1_87' title='bbox 390 1262 462 1296; x_wconf 75' lang='lat' dir='ltr'>AM</span> <span class='ocrx_word' id='word_1_88' title='bbox 480 1261 560 1295; x_wconf 75' lang='lat' dir='ltr'>satis</span> <span class='ocrx_word' id='word_1_89' title='bbox 576 1261 671 1294; x_wconf 80' lang='lat' dir='ltr'>terris</span> <span class='ocrx_word' id='word_1_90' title='bbox 687 1260 774 1293; x_wconf 85' lang='lat' dir='ltr'>nivis</span> <span class='ocrx_word' id='word_1_91' title='bbox 789 1266 891 1304; x_wconf 85' lang='lat' dir='ltr'>atque</span> <span class='ocrx_word' id='word_1_92' title='bbox 906 1259 1000 1293; x_wconf 79' lang='lat' dir='ltr'>dirae</span> 
     </span>
     <span class='ocr_line' id='line_1_20' title="bbox 412 1313 1014 1358; baseline -0.003 -10"><span class='ocrx_word' id='word_1_93' title='bbox 412 1315 584 1358; x_wconf 79' lang='lat' dir='ltr'>grandinis</span> <span class='ocrx_word' id='word_1_94' title='bbox 601 1314 691 1347; x_wconf 82' lang='lat' dir='ltr'>misit</span> <span class='ocrx_word' id='word_1_95' title='bbox 710 1313 809 1346; x_wconf 82' lang='lat' dir='ltr'>Pater</span> <span class='ocrx_word' id='word_1_96' title='bbox 824 1318 858 1346; x_wconf 85' lang='lat' dir='ltr'>et</span> <span class='ocrx_word' id='word_1_97' title='bbox 874 1313 1014 1346; x_wconf 85' lang='lat' dir='ltr'>rubente</span> 
     </span>
     <span class='ocr_line' id='line_1_21' title="bbox 337 1366 886 1402; baseline -0.005 -1"><span class='ocrx_word' id='word_1_98' title='bbox 337 1369 473 1402; x_wconf 73' lang='lat' dir='ltr'>dextera</span> <span class='ocrx_word' id='word_1_99' title='bbox 490 1378 599 1401; x_wconf 78' lang='lat' dir='ltr'>sacras</span> <span class='ocrx_word' id='word_1_100' title='bbox 615 1366 778 1399; x_wconf 84' lang='lat' dir='ltr'>iaculatus</span> <span class='ocrx_word' id='word_1_101' title='bbox 793 1375 886 1399; x_wconf 76' lang='lat' dir='ltr'>arces</span> 
     </span>
     <span class='ocr_line' id='line_1_22' title="bbox 515 1419 791 1457; baseline -0.004 -5"><span class='ocrx_word' id='word_1_102' title='bbox 515 1420 631 1453; x_wconf 82' lang='lat' dir='ltr'>terruit</span> <span class='ocrx_word' id='word_1_103' title='bbox 651 1419 791 1457; x_wconf 82' lang='lat' dir='ltr'>Urbem,</span> 
     </span>
    </p>
   </div>
   <div class='ocr_carea' id='block_1_5' title="bbox 337 1512 1110 1713">
    <p class='ocr_par' dir='ltr' id='par_1_8' title="bbox 339 1512 917 1557">
     <span class='ocr_line' id='line_1_23' title="bbox 339 1512 917 1557; baseline -0.005 -9"><span class='ocrx_word' id='word_1_104' title='bbox 339 1516 453 1548; x_wconf 80' lang='lat' dir='ltr'>terruit</span> <span class='ocrx_word' id='word_1_105' title='bbox 470 1521 598 1557; x_wconf 65' lang='lat' dir='ltr'>genteS,</span> <span class='ocrx_word' id='word_1_106' title='bbox 618 1523 719 1557; x_wconf 73' lang='lat' dir='ltr'>grave</span> <span class='ocrx_word' id='word_1_107' title='bbox 735 1523 778 1546; x_wconf 88' lang='lat' dir='ltr'>ne</span> <span class='ocrx_word' id='word_1_108' title='bbox 795 1512 917 1546; x_wconf 85' lang='lat' dir='ltr'>rediret</span> 
     </span>
    </p>

    <p class='ocr_par' dir='ltr' id='par_1_9' title="bbox 337 1568 1110 1610">
     <span class='ocr_line' id='line_1_24' title="bbox 337 1568 1110 1610; baseline -0.006 -8"><span class='ocrx_word' id='word_1_109' title='bbox 337 1569 507 1602; x_wconf 87' lang='lat' dir='ltr'>saeculum</span> <span class='ocrx_word' id='word_1_110' title='bbox 525 1568 672 1610; x_wconf 84' lang='lat' dir='ltr'>Pyrrhae</span> <span class='ocrx_word' id='word_1_111' title='bbox 687 1577 776 1600; x_wconf 88' lang='lat' dir='ltr'>nova</span> <span class='ocrx_word' id='word_1_112' title='bbox 791 1571 943 1600; x_wconf 83' lang='lat' dir='ltr'>monstra</span> <span class='ocrx_word' id='word_1_113' title='bbox 959 1568 1110 1608; x_wconf 64' lang='lat' dir='ltr'><strong>questu,</strong></span> 
     </span>
    </p>

    <p class='ocr_par' dir='ltr' id='par_1_10' title="bbox 338 1617 999 1713">
     <span class='ocr_line' id='line_1_25' title="bbox 338 1617 999 1663; baseline -0.006 -9"><span class='ocrx_word' id='word_1_114' title='bbox 338 1633 437 1654; x_wconf 80' lang='lat' dir='ltr'>omne</span> <span class='ocrx_word' id='word_1_115' title='bbox 453 1632 531 1654; x_wconf 90' lang='lat' dir='ltr'>cum</span> <span class='ocrx_word' id='word_1_116' title='bbox 550 1621 690 1653; x_wconf 81' lang='lat' dir='ltr'>Proteus</span> <span class='ocrx_word' id='word_1_117' title='bbox 706 1630 810 1663; x_wconf 83' lang='lat' dir='ltr'>pecus</span> <span class='ocrx_word' id='word_1_118' title='bbox 826 1618 894 1662; x_wconf 85' lang='lat' dir='ltr'>egit</span> <span class='ocrx_word' id='word_1_119' title='bbox 912 1617 999 1651; x_wconf 80' lang='lat' dir='ltr'>altos</span> 
     </span>
     <span class='ocr_line' id='line_1_26' title="bbox 519 1674 789 1713; baseline 0.004 -8"><span class='ocrx_word' id='word_1_120' title='bbox 519 1674 625 1707; x_wconf 80' lang='lat' dir='ltr'>visere</span> <span class='ocrx_word' id='word_1_121' title='bbox 641 1680 789 1713; x_wconf 81' lang='lat' dir='ltr'>montes,</span> 
     </span>
    </p>
   </div>
   <div class='ocr_carea' id='block_1_6' title="bbox 338 1763 1045 1970">
    <p class='ocr_par' dir='ltr' id='par_1_11' title="bbox 340 1763 1045 1811">
     <span class='ocr_line' id='line_1_27' title="bbox 340 1763 1045 1811; baseline -0.004 -11"><span class='ocrx_word' id='word_1_122' title='bbox 340 1768 482 1811; x_wconf 81' lang='lat' dir='ltr'>piscium</span> <span class='ocrx_word' id='word_1_123' title='bbox 499 1774 531 1800; x_wconf 89' lang='lat' dir='ltr'>et</span> <span class='ocrx_word' id='word_1_124' title='bbox 549 1777 680 1800; x_wconf 77' lang='lat' dir='ltr'>summa</span> <span class='ocrx_word' id='word_1_125' title='bbox 696 1776 802 1810; x_wconf 84' lang='lat' dir='ltr'><strong>genus</strong></span> <span class='ocrx_word' id='word_1_126' title='bbox 817 1764 926 1798; x_wconf 84' lang='lat' dir='ltr'>haesit</span> <span class='ocrx_word' id='word_1_127' title='bbox 941 1763 1045 1803; x_wconf 88' lang='lat' dir='ltr'><strong>ulmo,</strong></span> 
     </span>
    </p>

    <p class='ocr_par' dir='ltr' id='par_1_12' title="bbox 338 1817 952 1864">
     <span class='ocr_line' id='line_1_28' title="bbox 338 1817 952 1864; baseline -0.002 -11"><span class='ocrx_word' id='word_1_128' title='bbox 338 1827 419 1853; x_wconf 83' lang='lat' dir='ltr'>nota</span> <span class='ocrx_word' id='word_1_129' title='bbox 434 1831 520 1864; x_wconf 86' lang='lat' dir='ltr'>quae</span> <span class='ocrx_word' id='word_1_130' title='bbox 537 1820 633 1853; x_wconf 81' lang='lat' dir='ltr'>sedes</span> <span class='ocrx_word' id='word_1_131' title='bbox 650 1820 758 1853; x_wconf 85' lang='lat' dir='ltr'>suerat</span> <span class='ocrx_word' id='word_1_132' title='bbox 773 1817 952 1858; x_wconf 76' lang='lat' dir='ltr'>colun-bis,</span> 
     </span>
    </p>

    <p class='ocr_par' dir='ltr' id='par_1_13' title="bbox 340 1874 913 1970">
     <span class='ocr_line' id='line_1_29' title="bbox 340 1874 913 1918; baseline -0.002 -11"><span class='ocrx_word' id='word_1_133' title='bbox 340 1880 372 1907; x_wconf 84' lang='lat' dir='ltr'>et</span> <span class='ocrx_word' id='word_1_134' title='bbox 391 1875 579 1917; x_wconf 79' lang='lat' dir='ltr'>superiecto</span> <span class='ocrx_word' id='word_1_135' title='bbox 595 1874 740 1918; x_wconf 83' lang='lat' dir='ltr'>pavidae</span> <span class='ocrx_word' id='word_1_136' title='bbox 756 1878 913 1906; x_wconf 73' lang='lat' dir='ltr'>natarunt</span> 
     </span>
     <span class='ocr_line' id='line_1_30' title="bbox 517 1926 843 1970; baseline 0.003 -12"><span class='ocrx_word' id='word_1_137' title='bbox 517 1937 659 1970; x_wconf 83' lang='lat' dir='ltr'>aequore</span> <span class='ocrx_word' id='word_1_138' title='bbox 677 1926 843 1959; x_wconf 87' lang='lat' dir='ltr'>dammae.</span> 
     </span>
    </p>
   </div>
   <div class='ocr_carea' id='block_1_7' title="bbox 1240 687 1272 711">
    <p class='ocr_par' dir='ltr' id='par_1_14' title="bbox 1240 687 1272 711">
     <span class='ocr_line' id='line_1_31' title="bbox 1240 687 1272 711; baseline 0 -7"><span class='ocrx_word' id='word_1_139' title='bbox 1240 687 1272 711; x_wconf 79' lang='lat'>30</span> 
     </span>
    </p>
   </div>
   <div class='ocr_carea' id='block_1_8' title="bbox 1244 1827 1277 1846">
    <p class='ocr_par' dir='ltr' id='par_1_15' title="bbox 1244 1827 1277 1846">
     <span class='ocr_line' id='line_1_32' title="bbox 1244 1827 1277 1846; baseline 0 0"><span class='ocrx_word' id='word_1_140' title='bbox 1244 1827 1277 1846; x_wconf 78' lang='lat'>10</span> 
     </span>
    </p>
   </div>
  </div>
 </body>
</html>
