1458 2315
104 125 238 168 xxva]

358 127 636 158 CARMINUM
658 128 804 158 LIBER
830 129 897 159 Ill.

283 205 342 238 sed
359 204 454 238 vides
471 208 599 248 quanto
616 205 762 248 trepidet
780 205 927 238 tumultu

285 268 412 301 pronus
430 258 549 291 Orion.
601 268 665 300 ego
682 259 765 301 quid
782 259 824 291 sit
841 264 913 291 ater

281 311 441 344 Hadriae
458 311 538 343 novi
555 310 647 343 sinus
664 315 697 343 et
714 311 795 355 quid
812 312 910 345 albus

465 367 584 406 peccet
601 364 723 407 Iapyx.

284 468 434 501 hostium
449 479 570 501 uxores
586 468 750 512 puerique
765 480 884 503 caecos

287 521 436 555 sentiant
452 526 564 554 motus
580 523 718 555 orientis
734 523 852 555 Austri
869 527 903 556 et

285 574 442 618 aequoris
457 574 546 617 nigri
563 574 735 608 fremitum
752 580 785 609 et
802 572 978 609 trementis

464 628 603 661 verbere
620 628 721 672 ripas.

285 730 333 764 sic
350 734 383 764 et
400 731 537 775 Europe
553 731 690 765 niveum
707 732 828 765 doloso

282 783 427 817 credidit
442 788 539 817 tauro
556 784 656 825 latus,
677 790 710 818 et
727 790 913 818 scatentem

281 837 392 870 beluis
407 842 552 881 pontum
568 838 767 881 mediasque
783 839 918 873 fraudes

462 890 584 934 palluit
601 892 723 925 audax.

283 1005 391 1038 nuper
406 994 441 1027 in
458 995 564 1038 pratis
581 995 732 1029 studiosa
748 996 870 1029 florum
887 1001 921 1030 et

283 1048 420 1081 debitae
437 1049 608 1092 Nymphis
625 1050 740 1093 opifex
756 1061 914 1091 coronae,

283 1106 383 1135 nocte
400 1102 561 1135 sublustri
576 1103 662 1136 nihil
679 1109 768 1137 astra
785 1110 921 1148 praeter

463 1155 550 1188 vidit
566 1160 599 1189 et
616 1157 733 1189 undas.

284 1268 372 1300 quae
390 1257 490 1290 simul
507 1263 644 1291 centum
662 1259 771 1303 tetigit
788 1264 965 1303 potentem

285 1310 424 1353 oppidis
441 1310 568 1343 Creten
585 1323 592 1343 :
621 1312 743 1354 ‘pater,
765 1323 786 1344 ο
803 1312 957 1346 relictum

285 1362 375 1396 filiae
391 1373 516 1396 nomen
534 1364 708 1407 pietasque
721 1363 728 1377 '
745 1365 830 1398 dixit

468 1417 477 1433 ‘
490 1417 578 1449 victa
595 1417 703 1450 surore
720 1419 728 1450 Ξ

286 1520 377 1552 unde
393 1530 460 1562 quo
477 1520 579 1552 veni?
602 1520 685 1553 levis
701 1531 769 1553 una
785 1532 876 1555 mors
892 1527 942 1555 est

286 1573 456 1616 virginum
473 1573 602 1616 culpae.
654 1574 842 1617 vigilansne
859 1575 957 1618 ploro

285 1630 384 1670 turpe
401 1626 628 1666 commissum,
650 1638 694 1659 an
710 1627 799 1661 vitiis
816 1634 987 1662 carentem

464 1680 549 1712 ludit
567 1680 679 1724 imago

283 1793 382 1823 vana,
402 1794 489 1826 quae
505 1788 603 1826 porta
620 1785 751 1827 fugiens
769 1786 897 1820 eburna

286 1836 456 1868 somnium
473 1837 592 1870 ducit?
616 1839 779 1873 meliusne
797 1839 917 1874 fluetus

285 1888 333 1922 ire
349 1900 409 1933 per
425 1889 546 1933 longos
562 1890 635 1930 fuit,
658 1902 701 1923 an
719 1894 862 1927 recentis

464 1953 602 1987 carpere
619 1943 742 1979 flores?

1110 138 1152 168 97

1120 380 1154 398 20

1123 1067 1157 1092 30

1123 1701 1156 1725 40
