1458 2315
169 135 248 177 xv.]
424 135 703 166 CARMJNUM
726 135 872 167 LIBER
899 136 962 167 IV.

174 481 255 515 XV.
404 480 607 515 HOEBUS
625 480 797 515 volentem
815 482 947 526 proelia
963 493 1018 516 me
1035 482 1130 527 loqui

426 535 532 568 victas
550 540 583 568 et
601 536 703 568 urbes
722 536 890 579 increpuit
907 536 991 578 lyra,

352 598 396 620 ne
413 599 519 631 parva
535 588 750 630 Tyrrhenum
767 600 828 632 per
845 600 972 632 aequor

398 641 473 673 vela
491 641 619 674 darem.
673 648 740 681 tua,
763 642 899 682 Caesar,
921 647 1014 675 aetas

306 746 418 789 fruges
435 750 468 779 et
486 746 575 789 agris
592 747 720 779 rettulit
738 747 868 787 uberes,

306 805 339 832 et
357 800 454 842 signa
471 805 588 832 nostro
605 800 751 832 restituit
770 801 846 833 Iovi

348 852 492 896 derepta
510 852 714 885 Parthorum
731 854 888 896 superbis

391 905 557 948 postibus,
578 911 611 939 et
627 917 772 939 vacuum
789 906 913 940 duellis

303 1008 426 1040 Ianum
446 1009 579 1050 Quirini
598 1009 730 1049 clausit,
751 1014 785 1042 et
802 1010 958 1044 ordinem

303 1067 432 1094 rectum
449 1063 608 1105 evaganti
625 1063 720 1095 frena
736 1063 894 1096 licentiae

344 1114 461 1147 iniecit
477 1116 671 1158 emovitque
687 1117 806 1159 culpas

391 1172 425 1200 et
441 1172 570 1200 veteres
587 1169 759 1201 revocavit
775 1174 874 1209 artes,

301 1283 362 1315 per
377 1282 461 1315 quas
478 1271 641 1304 Latinum
658 1283 783 1305 nornen
801 1277 834 1306 et
853 1273 961 1308 Italae

302 1336 437 1359 crevere
452 1325 540 1358 vires
558 1325 715 1368 famaque
732 1331 765 1358 et
782 1326 904 1370 imperi

345 1383 502 1422 porrecta
517 1378 677 1411 maiestas
692 1378 737 1410 ad
753 1384 846 1411 ortus

391 1431 472 1464 solis
488 1431 533 1464 ab
552 1431 723 1474 Hesperio
741 1431 853 1465 cubili.

300 1539 441 1572 custode
459 1549 570 1572 rerum
592 1537 740 1570 Caesare
755 1547 825 1570 non
842 1538 934 1571 furor

299 1591 408 1624 civilis
425 1597 483 1625 aut
499 1592 551 1624 vis
567 1591 679 1634 exiget
696 1591 814 1630 otium,

341 1655 412 1678 non
429 1646 489 1685 ira,
511 1655 598 1688 quae
615 1643 771 1686 procudit
788 1644 878 1677 ensis

389 1702 422 1731 et
440 1699 581 1732 miseras
599 1697 752 1730 inimicat
769 1697 880 1730 urbes.

294 1810 366 1834 non
381 1801 440 1844 qui
457 1801 663 1845 profundum
681 1800 879 1833 Danuvium
894 1801 1016 1835 bibunt

294 1853 406 1886 edicta
422 1860 580 1897 rumpent
599 1855 699 1893 Iulia,
720 1865 790 1886 non
808 1855 926 1895 Getae,

339 1917 409 1939 non
427 1906 526 1940 Seres
542 1907 682 1939 infidive
700 1907 833 1947 Persae,

384 1970 455 1992 non
467 1959 602 1992 Tanain
618 1970 724 2002 prope
741 1961 868 1992 flumen
884 1958 959 1992 orti.

1163 147 1221 180 125

1178 1080 1211 1099 10

1170 1717 1204 1734 20
