1410 2283
274 122 335 153 286
566 119 603 158 Q.
634 116 763 148 ΗΘΚΛ
773 116 824 147 TI
845 115 1017 148 FLACCI

275 199 443 240 spectator
455 193 653 236 functusque
666 192 766 225 sacris
782 195 815 225 et
832 194 931 234 potus
943 195 976 224 et
988 190 1096 224 eidex.

275 259 389 281 verum
408 248 453 279 ita
466 247 595 285 iisores,
617 246 662 278 ita
679 244 914 277 commendare
929 244 1062 276 dicaces

276 300 451 333 conveniet
471 300 616 340 Satyros,
638 297 684 329 ita
700 302 834 334 vertere,
843 296 929 328 seria
945 295 1037 335 ludo,

275 363 317 384 ne
334 352 536 394 quicumque
553 351 643 388 deus,
664 349 866 392 quicumque
882 348 1097 381 adhibebitur
1111 347 1219 386 heros,

276 405 378 446 regali
395 409 592 445 conspectus
608 402 642 433 in
657 411 740 433 auro
754 411 860 442 nuper
876 405 909 432 et
925 405 1027 440 ostro,

276 457 394 498 migret
412 456 445 487 in
462 456 618 487 obscuras
633 453 750 485 humili
768 463 919 485 sermone
936 452 1101 491 tabernas,

275 514 341 546 aut,
362 508 444 540 dum
460 508 540 539 vitat
558 507 706 543 humum,
726 505 824 536 nubis
840 509 872 537 et
889 505 1001 537 inania
1016 509 1137 548 captet.
1248 518 1300 542 230

275 561 404 593 effutire
421 560 503 592 levis
520 559 659 601 indigna
674 557 864 599 Tragoedia
881 567 1005 597 versus,

275 618 309 644 ut
328 612 418 644 sestis
434 617 586 643 matrona
602 610 727 642 moveri
745 609 832 641 iussa
847 609 976 649 diebus,

275 665 423 697 intererit
443 664 569 705 Satyris
586 662 723 705 paulum
738 661 935 704 pudibunda
951 660 1126 704 protervis.

275 727 344 749 non
361 727 423 759 ego
440 717 592 747 inornata
608 721 640 747 ct
657 714 866 746 dominantia
882 714 1020 746 nomina
1035 713 1142 745 solum

274 769 454 810 verbaque,
477 768 623 805 Pisones,
644 771 829 807 satyrorum
847 766 989 808 scriptor
1003 765 1137 804 amabo,

275 832 336 853 nec
353 821 399 852 sic
415 820 522 852 enitar
538 819 664 860 tragico
680 818 811 850 differre
828 817 941 856 colori,

275 879 311 905 ut
328 872 413 905 nihil
430 871 557 904 intersit
576 871 734 902 Davusne
750 870 905 912 loquatur
920 874 952 902 et
969 869 1080 902 audax

277 925 415 968 Pythias
431 930 587 957 emuncto
603 925 729 956 lucrata
747 924 884 956 Simone
900 923 1076 963 talentum,

274 989 319 1011 an
335 985 445 1011 custos
462 978 668 1020 famulusque
685 978 739 1010 dei
758 977 890 1009 Silenus
905 975 1044 1008 alumni.

275 1042 316 1063 ex
333 1037 414 1063 noto
431 1031 543 1062 fictum
560 1041 694 1062 carmen
710 1040 838 1071 sequar,
858 1033 894 1061 ut
912 1028 975 1060 sibi
991 1026 1102 1069 quivis
1249 1040 1300 1065 240

275 1089 385 1126 speret
402 1083 501 1122 idern,
523 1083 617 1114 sudet
634 1082 776 1114 multum
792 1081 978 1123 frustraque
994 1079 1124 1112 laboret

275 1146 374 1168 ausus
391 1135 480 1168 idem
496 1148 503 1167 :
527 1140 658 1167 tantum
674 1134 774 1166 series
791 1134 1008 1175 iuncturaque
1024 1130 1142 1174 pollet,

276 1192 405 1220 tantum
422 1187 464 1219 de
480 1188 592 1220 medio
608 1187 749 1229 sumptis
764 1186 893 1218 accedit
908 1184 1056 1218 honoris.

275 1240 367 1272 silvis
382 1239 517 1272 deducti
534 1244 674 1272 caveant
690 1249 744 1271 me
760 1238 869 1271 iudice
886 1237 996 1270 Fauni

275 1302 318 1324 ne
333 1292 422 1324 velut
438 1291 543 1324 innati
559 1291 665 1323 triviis
681 1302 719 1323 ac
737 1301 842 1333 paene
858 1289 1006 1322 forenses

275 1349 332 1376 aut
348 1344 492 1376 nimium
505 1344 626 1376 teneris
642 1344 839 1375 iuvenentur
853 1342 1003 1375 versibus
1018 1349 1178 1383 umquam

276 1401 332 1428 aut
351 1396 524 1428 immunda
539 1400 674 1438 crepent
691 1395 980 1437 ignominiosaque
995 1393 1085 1426 dicta
1098 1405 1107 1426 ε

277 1449 490 1481 offenduntur
506 1448 595 1481 enim
612 1448 732 1490 quibus
749 1452 798 1480 est
816 1457 920 1490 equus
936 1451 968 1479 et
984 1450 1080 1488 pater
1095 1448 1128 1478 et
1143 1453 1208 1484 reS,

275 1511 348 1540 nec,
368 1501 478 1543 siquid
494 1501 579 1533 fricti
596 1500 711 1532 ciceris
726 1499 846 1542 probat
862 1503 896 1531 et
911 1498 1005 1531 nucis
1021 1501 1162 1541 emptor,

275 1553 391 1595 aequis
407 1553 574 1595 accipiunt
591 1552 710 1584 animis
726 1552 896 1584 donantve
912 1561 1046 1583 corona.
1247 1561 1300 1587 250

276 1605 405 1647 syllaba
420 1605 522 1648 longa
537 1605 629 1637 brevi
647 1604 796 1636 subiecta
811 1607 950 1636 vocatur
965 1602 1106 1640 iambuS‚

277 1667 336 1699 pes
353 1658 437 1689 citus
450 1668 460 1696 ;
484 1657 573 1689 uncle
591 1657 692 1688 etiam
709 1655 867 1688 trimetris
882 1664 1070 1687 accrescere
1087 1651 1181 1685 iussit

275 1719 400 1741 nomen
415 1709 566 1748 iambeis,
583 1719 658 1741 cum
676 1718 773 1740 senos
788 1707 942 1739 redderet
957 1707 1043 1738 ictus

275 1761 402 1803 primus
418 1762 461 1793 ad
478 1766 662 1793 extremum
678 1759 797 1792 similis
812 1759 876 1791 sibi
894 1771 902 1791 ε
924 1769 995 1790 non
1010 1758 1056 1790 ita
1070 1755 1212 1799 pridem,

275 1813 402 1845 tardior
417 1817 454 1844 ut
470 1813 584 1855 paullo
600 1812 799 1855 graviorque
815 1809 943 1843 veniret
958 1810 1001 1842 ad
1018 1809 1119 1847 auris,

275 1865 441 1907 spondeos
457 1865 586 1897 stabilis
603 1865 637 1896 in
653 1864 724 1896 iura
739 1867 880 1906 paterna
894 1862 1021 1905 recepit

275 1917 472 1950 commodus
488 1922 520 1950 et
536 1917 677 1960 panem,
696 1926 766 1948 non
781 1919 818 1948 ut
833 1915 876 1948 de
892 1914 970 1948 sede
986 1911 1133 1948 secunda
