1458 2315
93 119 185 162 xvh]

100 1197 202 1231 XVI.

341 117 621 150 CARMJNUM
644 116 793 148 LIBER
820 117 888 147 III.
1108 119 1147 156 85

275 194 364 229 inter
379 194 497 229 ludere
512 194 662 238 virgines

229 253 263 283 et
278 249 386 283 stellis
402 248 565 282 nebulam
581 258 740 292 spargere
757 247 923 281 candidis.

273 313 355 344 non,
376 302 489 345 siquid
506 302 662 335 Pholoen
679 301 770 342 satis,

229 361 264 390 et
281 361 325 397 te,
347 356 476 395 Chlori,
497 355 595 389 decet
614 367 622 388 τ
647 355 718 388 filia
735 355 859 388 rectius

276 491 450 530 expugnat
468 486 627 519 iuvenum
644 486 777 527 domos,

232 540 331 584 pulso
348 540 478 583 Thyias
494 540 545 572 uti
561 541 695 573 concita
712 544 892 583 tympano.
1115 557 1149 574 10

276 594 373 626 illam
388 594 479 636 cogit
496 604 592 626 amor
609 593 721 626 Nothi

231 647 377 680 lascivae
393 646 540 679 similem
556 646 672 680 ludere
689 658 830 691 capreae
845 659 852 681 :

276 773 310 802 te
325 768 425 802 lanae
440 779 548 812 prope
566 768 718 802 nobilem

232 827 350 855 tonsae
367 821 559 862 Luceriam,
575 832 646 854 non
662 822 812 855 citharae
828 822 961 863 decent,

277 886 342 908 nec
357 875 421 908 flos
437 885 627 918 purpureus
643 886 751 915 rosae,

232 939 296 962 nea
312 927 386 972 poti
401 927 553 961 vetulam
569 927 662 961 faece
679 933 777 962 tenus
794 928 881 962 cadi.

290 1196 532 1231 NCLUSAM
550 1198 697 1232 Danaen
713 1199 814 1232 turris
830 1210 937 1232 aenea

311 1251 539 1294 robustaeque
555 1251 643 1285 fores
660 1257 694 1285 et
709 1252 851 1294 vigilum
867 1263 989 1285 eanum

233 1303 344 1336 tristes
361 1304 525 1337 excubiae
541 1305 733 1338 munierant
750 1305 832 1338 satis

323 1358 498 1390 nocturnis
513 1358 557 1390 ab
575 1358 746 1398 adulteris,

235 1487 263 1521 si
280 1498 351 1520 non
367 1487 540 1520 Acrisium
557 1489 696 1532 virginis
714 1490 851 1523 abditae

233 1541 412 1574 custodem
428 1542 594 1584 pavidum
607 1542 764 1585 Iuppiter
779 1548 813 1576 et
830 1544 951 1576 Venus

234 1593 387 1626 risissent
406 1605 414 1626 ε
438 1593 510 1626 fore
526 1594 618 1626 enim
636 1599 746 1627 tutum
763 1595 826 1628 iter
842 1600 876 1628 et
886 1601 1015 1638 *patens

323 1659 488 1682 converso
505 1647 540 1680 in
556 1647 704 1691 pretium
718 1647 796 1681 deo.

234 1790 356 1812 aurum
372 1789 434 1823 per
450 1778 584 1811 medios
602 1778 651 1812 ire
667 1779 835 1812 satellites

232 1836 266 1864 et
283 1842 503 1875 perrumpere
519 1836 612 1864 amat
628 1843 710 1864 saxa
725 1832 901 1875 potentius
1118 1850 1150 1868 10

233 1885 302 1918 ictu
315 1885 501 1918 fulmineo:
529 1885 679 1918 concidit
696 1886 836 1928 auguris

322 1939 445 1982 Argivi
463 1939 585 1972 domus
602 1939 647 1972 ob
663 1939 796 1973 lucrum
