1458 2315
90 147 162 190 ιιι]
333 148 392 178 SA
401 147 633 178 TJRARUM
654 147 799 177 LIBER
825 147 873 177 Η.
1062 157 1121 186 207

91 228 242 258 mutatus
258 223 400 256 Polemo
411 225 428 256 ?
449 234 558 267 ponas
574 223 719 266 insignia
734 222 856 263 morbi,

91 277 261 316 fasciolas,
279 276 417 316 cubital‚
438 276 570 315 focalia,
590 282 690 318 potus
706 281 742 308 ut
758 275 815 309 ille

91 329 216 362 dicitur
231 340 273 362 ex
289 329 379 362 collo
394 329 508 361 furtim
525 329 687 371 carpsisse
703 339 855 367 coronas,

37 401 40 403 >
92 387 274 425 postquam
293 387 343 414 est
359 381 523 424 impransi
540 387 714 424 correptus
730 391 811 413 voce
828 380 977 423 magistri
990 381 1006 413 ?

93 434 239 477 porrigis
255 434 340 466 irato
357 445 462 476 puero
478 445 554 466 cum
571 444 684 476 poma,
705 438 846 466 recusat.

99 488 226 526 ‘sume‚
245 485 390 519 catelle.'
438 492 550 529 negat.
601 486 629 518 si
645 497 711 518 non
729 486 926 529 des‚·0ptet.
976 490 1104 518 amator

96 539 251 573 exclusus
266 540 324 582 qui
341 539 453 578 distat,
475 539 544 582 agit
562 539 619 571 ubi
636 549 759 578 secum,
781 545 834 571 eat
851 549 895 571 an
911 549 990 578 non,
1078 545 1128 571 260

96 603 166 636 quo
182 593 349 625 rediturus
365 597 436 625 erat
453 603 521 624 non
538 592 725 631 arcessitus,
746 597 779 624 et
795 591 910 624 haeret

97 645 214 678 invisis
231 645 384 678 foribus?
412 645 421 660 ‘
433 655 477 676 ne
493 655 593 683 nunc,
615 654 690 676 cum
708 655 762 676 me
780 649 876 676 vocat
893 643 991 683 ultro,

95 698 282 731 accedam?
304 708 348 730 an
364 697 477 740 potius
492 697 636 729 mediter
652 697 747 728 finire
763 696 923 729 dolores?

96 750 262 790 exclusit3
286 755 433 782 revocat.
482 750 645 782 redeam?
667 759 746 788 non,
767 749 795 781 si
812 747 989 782 obsecret.'
1036 759 1113 781 ecce

95 813 211 836 servus
226 813 296 835 non
311 802 414 845 paulo
431 802 628 845 sapientior:
656 803 692 834 ‘o
709 812 775 840 ere,
792 812 881 844 ,quae
898 812 950 833 res

95 866 160 888 nec
175 855 315 888 modum
330 855 434 888 habet
450 865 560 898 neque
577 854 766 893 consilium,
786 854 916 886 ratione
932 854 1102 897 modoque

95 908 231 941 tractari
246 918 316 940 non
331 907 413 941 volt.
464 907 501 939 in
515 917 629 939 amore
645 907 729 939 haec
745 912 823 939 sunt
839 907 939 946 mala,
959 906 1098 947 bellum,

95 971 163 1004 pax
179 970 325 992 rursum:
347 959 432 992 haec
448 959 554 1002 siquis
570 959 780 1002 tempestatis
796 970 903 1002 prope
919 959 984 992 ritu

97 1012 240 1044 mobilia
254 1018 287 1045 et
303 1023 403 1045 caeca
419 1012 588 1044 fluitantia
604 1018 692 1044 sorte
709 1011 840 1044 laboret

78 1064 84 1070 ”
97 1064 239 1097 reddere
255 1070 345 1097 certa
360 1065 436 1104 sibi,
457 1065 565 1097 nihilo
581 1065 657 1107 plus
673 1064 816 1106 explicet
833 1074 872 1096 ac
889 1064 916 1096 si
1081 1079 1132 1103 270

98 1117 245 1149 insanire
260 1122 355 1159 paret
371 1122 463 1149 certa
478 1117 608 1149 ratione
623 1115 820 1159 modoque.’

98 1169 207 1212 quid?
230 1179 307 1201 cum
324 1169 456 1201 Picenis
471 1179 654 1210 excerpens
670 1169 798 1200 semina
814 1168 924 1210 pomis

99 1221 238 1264 gaudes,
259 1221 286 1252 si
302 1231 470 1253 cameram
486 1221 632 1263 percusti
651 1220 744 1258 forte,
767 1231 868 1262 penes
885 1227 918 1252 te
935 1222 994 1253 es?

100 1274 209 1317 quid?
231 1283 308 1306 curn
324 1273 427 1305 balba
445 1273 522 1305 seris
538 1283 668 1304 annoso
684 1273 786 1304 verba
802 1272 927 1314 palato,

100 1326 302 1360 aedificante
318 1336 414 1358 casas
430 1325 487 1367 qui
504 1325 640 1357 sanior?
663 1325 750 1356 adde
767 1335 918 1357 cruorem

101 1379 274 1418 stultitiae,
294 1383 396 1420 atque
412 1377 524 1419 ignem
541 1377 654 1419 gladio
672 1382 826 1409 scrutare.
845 1376 957 1415 modo,
980 1377 1126 1420 inquam,

103 1431 254 1464 Hellade
269 1440 427 1474 percussa
445 1429 572 1461 Marius
589 1440 665 1461 eum
683 1429 880 1472 praecipitat
896 1440 942 1469 se,

103 1483 244 1517 cerritus
260 1482 332 1522 suit,
352 1493 395 1514 an
413 1486 604 1514 commotae
620 1481 759 1514 crimine
775 1482 897 1514 mentis

105 1536 261 1569 absolves
276 1536 451 1568 hominem
467 1539 501 1567 et
517 1534 652 1566 sceleris
669 1534 845 1565 damnabis
862 1534 1017 1574 eundem,

103 1599 146 1621 ex
162 1599 255 1621 more
271 1588 448 1631 imponens
464 1593 609 1629 cognata
625 1586 789 1618 vocabula
806 1586 927 1618 rebus?
1082 1595 1133 1619 280

105 1640 282 1673 libertinus
297 1645 379 1679 erat,
399 1640 457 1683 qui
475 1640 599 1672 circum
618 1639 766 1680 compita
782 1638 888 1670 siccus

105 1692 206 1725 lautis
223 1702 321 1724 mane
337 1703 438 1724 senex
455 1692 610 1724 manibus
627 1690 779 1723 currebat
796 1695 829 1722 et
850 1692 982 1729 ‘unum,

106 1744 187 1788 quid
205 1749 274 1776 tam
286 1743 489 1786 magnum?’
501 1743 638 1782 addens,
661 1744 669 1758 ⁴
681 1753 783 1774 unum
801 1753 853 1774 nne
870 1749 993 1784 surpite
1010 1744 1107 1775 morti
1126 1755 1132 1775 :

105 1796 159 1829 dis
174 1796 300 1829 etenim
318 1796 414 1828 facile
431 1800 482 1828 est
493 1795 501 1808 '
517 1796 633 1828 orabat
646 1807 655 1834 ;
680 1805 780 1826 sanus
796 1794 942 1836 utrisque

106 1848 244 1881 auribus
259 1853 362 1891 atque
378 1848 506 1881 oculis:
533 1853 690 1885 mentem,
712 1847 773 1878 nisi
793 1847 967 1890 litigiosus,

107 1900 277 1943 exciperet
293 1901 463 1939 dominus,
483 1910 559 1932 cum
576 1900 745 1932 venderet.
785 1899 848 1931 hoc
865 1910 998 1942 quoque
1016 1899 1133 1942 volgus

109 1951 321 1996 Chrysippus
337 1953 433 1996 ponit
450 1952 592 1985 secunda
609 1952 641 1984 in
658 1958 757 1994 gente
774 1951 921 1984 Meneni.
