1410 2283
288 174 343 210 ιω
575 171 611 209 0.
644 170 774 201 HORA
785 169 834 200 T!
856 169 1027 200 FLAcct
1259 165 1310 207 [n.

289 247 409 278 virtute
426 245 517 278 esto'
536 245 642 288 inquit
659 245 824 277 sententia
840 244 896 276 dia
914 243 1054 277 Catonis
1070 256 1078 276 :

291 301 299 314 ‘
313 310 390 331 nam
404 298 501 330 simul
519 309 556 330 ac
574 308 674 330 venas
692 296 941 329 inflavit.taetra
957 295 1075 334 libido,

288 352 352 383 huc
370 352 504 382 iuvenes
521 361 663 392 aequum
681 355 730 382 est
747 348 959 386 descendere,
980 359 1047 380 non
1064 347 1192 380 alienas

287 403 472 446 permolere
490 401 627 434 uxores!
679 403 686 417 ‘
699 402 803 433 nolim
820 399 1003 433 laudarier'
1022 400 1130 444 inquit

292 458 300 472 ⁴
312 456 357 487 sic
375 467 428 487 rne
440 454 447 466 ‘
465 455 601 486 mirator
617 454 716 486 cunni
735 453 944 496 Cupiennius
960 452 1039 485 albi.

287 508 402 540 audire
416 513 462 539 cst
480 517 601 549 operae
618 506 773 548 pretium,
792 506 971 548 procedere
988 509 1077 538 recte

289 562 345 603 qui
365 559 522 591 moechos
539 569 605 590 non
625 558 732 596 voltis,
754 563 789 590 ut
805 558 896 589 omni
915 564 1008 600 parte
1024 557 1188 596 laborent,

288 619 390 654 utque
406 612 471 643 illis
488 611 594 643 multo
610 616 765 652 corrupta
781 610 897 642 dolore
915 610 1068 652 voluptas

289 671 390 707 atque
407 664 489 696 haec
507 674 579 695 rara
597 663 693 694 cadat
712 663 794 694 (lura
813 663 898 694 inter
914 673 1014 704 saepe
1031 661 1165 704 pericla.
1287 674 1322 699 ⁴⁰

289 717 342 748 hie
360 727 394 748 se
411 716 628 758 praecipitem
646 721 736 746 tecto
752 715 843 746 (ledit
863 725 871 752 ;
895 714 951 746 ille
964 713 1104 756 flagellis

289 769 331 800 ad
351 774 492 799 mortem
509 777 624 799 caesus
641 779 650 805 ;
675 767 804 808 fugiens
821 766 874 798 hic
891 766 1016 798 decidit
1033 775 1143 798 acrem

292 820 500 863 praedonum
520 819 552 850 in
567 819 698 850 turbam
714 830 722 856 ;
747 819 839 850 dedit
853 818 906 850 hic
919 828 980 860 pro
993 828 1132 860 corpore
1144 827 1298 850 nummos
1311 828 1322 856 ;

291 873 378 904 hunc
396 871 644 913 perminxerunt
658 870 793 902 calones
811 881 820 907 ;
844 870 925 912 quin
943 870 1044 901 etiam
1062 869 1145 901 illud

291 924 422 962 accidit,
443 929 478 955 ut
495 923 627 955 cuidam
646 922 737 954 testis
754 922 961 964 caudamque
979 921 1122 953 salacem

291 977 474 1008 demeteret
492 975 623 1007 serrum.
679 975 767 1006 ‘iure
779 973 787 986 '
805 985 921 1006 omnes
937 986 944 1005 :
969 973 1079 1006 Galba
1096 973 1251 1016 negabat.

293 1029 394 1060 tutior
411 1034 443 1058 at
461 1034 587 1069 quanto
604 1037 696 1058 merx
713 1032 760 1058 est
778 1026 812 1057 in
828 1026 932 1058 classe
949 1026 1105 1065 secunda,

293 1080 525 1112 libertinarum
541 1079 617 1110 dico
634 1091 641 1110 :
678 1078 854 1110 Sallustius
871 1078 903 1109 in
921 1088 1003 1120 quas

295 1143 360 1164 non
378 1133 486 1164 minus
504 1131 625 1163 insanit
642 1141 742 1173 quam
759 1130 816 1173 qui
834 1130 1037 1162 moechatur.
1089 1135 1122 1162 at
1139 1129 1195 1162 hic
1211 1129 1249 1168 si,

295 1195 359 1226 qua
377 1195 438 1221 res,
459 1194 524 1226 qua
541 1184 624 1215 ratio
641 1183 805 1221 suaderet,
826 1192 957 1225 quaque
974 1182 1125 1214 modeste
1291 1194 1326 1220 ⁵0

295 1236 454 1268 munifico
471 1247 541 1268 esse
560 1236 646 1274 licet,
668 1235 768 1267 vellet
784 1235 893 1266 bonus
909 1239 1010 1277 atque
1026 1234 1192 1276 benignus

296 1300 377 1327 esse,
399 1289 491 1320 daret
509 1294 673 1330 quantum
693 1287 772 1319 satis
789 1292 886 1325 esset,
905 1297 968 1319 nec
985 1286 1048 1319 sibi
1063 1287 1190 1318 damno

296 1341 516 1383 dedecorique
534 1341 627 1372 soret.
676 1350 790 1372 verum
807 1339 871 1372 hoc
888 1350 922 1371 se
938 1338 1151 1382 amplectitur
1166 1347 1244 1377 uno,

295 1393 360 1425 hoc
376 1399 466 1424 amat
483 1399 515 1424 et
533 1393 657 1430 laudat,
685 1393 890 1423 ‘matronam
908 1391 1035 1423 nullam
1051 1401 1115 1433 ego
1131 1388 1259 1433 tango.’

297 1451 331 1476 ut
348 1446 519 1487 quondam
538 1445 719 1483 Marsaeus,
741 1450 871 1476 amator
888 1443 1038 1486 Originis
1054 1443 1124 1482 ille,

298 1498 353 1539 qui
370 1498 515 1539 patrium
533 1498 656 1528 mimae
674 1497 776 1528 donat
794 1496 1002 1538 fundumque
1018 1495 1198 1538 laremque,

301 1551 309 1565 ‘
323 1550 370 1581 nil
387 1549 481 1582 suerit
498 1549 563 1580 mi'
581 1549 690 1591 inquit
711 1550 718 1564 ‘
729 1559 804 1581 cum
821 1548 980 1580 uxoribus
996 1557 1156 1590 umquam
1171 1543 1314 1579 alienis.’

298 1613 413 1634 verum
430 1608 479 1634 est
496 1612 571 1633 cum
589 1601 710 1639 mimis,
731 1607 779 1633 est
796 1611 872 1633 curn
889 1599 1129 1638 meretricibus,
1148 1599 1239 1631 unde

298 1653 386 1685 sama
401 1654 526 1685 malum
542 1654 675 1695 gravius
692 1663 793 1695 quarn
810 1663 861 1684 res
878 1652 988 1684 trahit.
1039 1661 1083 1683 an
1099 1650 1161 1683 tibi
1178 1649 1314 1683 abunde

299 1717 473 1748 personam
491 1706 570 1737 satis
586 1711 646 1744 est,
668 1716 736 1736 non
753 1705 846 1743 illud,
867 1702 1026 1746 quicquid
1041 1702 1166 1746 ubique
1291 1708 1327 1734 60

299 1758 410 1796 officit,
431 1759 555 1790 evitare
566 1759 582 1789 ?
603 1758 728 1789 bonam
746 1756 928 1798 deperdere
945 1755 1079 1793 samam,

297 1820 367 1841 rem
382 1810 487 1851 patris
503 1810 676 1846 oblimare,
696 1808 822 1839 malum
838 1812 888 1839 est
903 1807 1115 1849 ubicumque.
1143 1804 1223 1848 quid
1240 1805 1327 1838 inter

296 1867 345 1892 est
362 1862 396 1893 in
412 1868 574 1900 matrona,
594 1861 716 1892 ancilla
731 1870 892 1902 peccesne
909 1859 1047 1901 togata?

297 1913 418 1944 Villius
435 1913 470 1944 in
487 1914 610 1944 Fausta
628 1912 741 1945 Sullae
757 1922 869 1953 gener,
888 1910 954 1942 hoc
969 1910 1070 1942 miser
1084 1919 1152 1941 uno

297 1966 433 1997 nomine
452 1965 621 2007 deceptus,
642 1974 767 2006 poenas
783 1963 876 1995 dedit
894 1972 997 2005 usque
1013 1971 1178 2004 superque
