1410 2283
271 143 314 166 20
567 134 603 172 Q.
635 131 826 163 HORATI
848 130 1019 164 FLACCI
1206 131 1294 174 [xvi.

279 378 378 410 XVI.
518 377 690 409 MATRE
708 376 847 419 pulchra
864 376 931 409 filia
944 375 1124 420 pulchrior,

525 440 625 472 quem
643 429 830 462 criminosis
846 439 990 472 cumque
1006 428 1098 462 voles
1114 427 1254 462 modum

454 493 558 524 pones
575 482 704 520 iambis,
726 482 795 514 sive
813 481 948 513 flamma

496 534 565 566 sive
582 534 665 566 mari
683 534 764 566 libet
784 533 971 566 Hadriano.

406 665 473 687 non
490 654 716 696 Dindymene,
733 664 801 686 non
817 653 927 695 adytis
943 652 1053 696 quatit

406 713 552 740 mentem
569 706 778 739 sacerdotum
796 705 906 738 incola
924 705 1076 748 Pythius,

452 769 519 791 non
538 758 639 790 Liber
656 769 772 801 aeque,
790 768 857 790 non
871 763 969 790 acuta

500 811 547 844 sic
565 811 736 854 geminant
755 810 967 853 Corybantes
984 820 1072 850 aera,

410 931 518 964 tristes
536 938 570 963 ut
590 932 666 969 irae,
687 941 770 973 quas
787 941 894 973 neque
911 930 1056 964 Noricus

408 984 551 1016 deterret
568 984 655 1016 ensis
671 994 731 1016 nec
747 993 838 1015 mare
854 982 1052 1026 naufragum
1269 995 1304 1015 10

454 1047 514 1069 nec
531 1047 648 1069 saevus
665 1036 750 1078 ignis
766 1046 828 1068 nec
844 1035 1020 1067 tremendo

496 1088 647 1131 Iuppiter
664 1088 734 1130 ipse
751 1097 848 1119 ruens
864 1086 1020 1119 tumultu.

410 1209 510 1241 fertur
528 1207 746 1240 Prometheus
761 1207 884 1240 addere
901 1206 1045 1250 principi

409 1262 491 1294 limo
508 1265 642 1293 coactus
658 1259 857 1302 particulam
872 1259 1021 1303 undique

450 1313 631 1351 desectam,
651 1317 682 1344 et
700 1312 808 1344 insani
823 1311 930 1344 leonis

494 1365 563 1397 vim
580 1364 754 1397 stomacho
772 1363 966 1407 apposuisse
981 1368 1106 1398 nostro.

409 1486 476 1519 irae
492 1485 662 1528 Th5esten
680 1485 782 1518 exit10
797 1485 890 1527 gravi

407 1544 561 1576 stravere,
581 1543 614 1570 et
630 1537 705 1569 altis
721 1537 859 1570 urbibus
875 1537 1013 1571 ultimae

453 1595 574 1622 stetere
590 1600 709 1622 causae
726 1600 785 1622 cur
801 1590 948 1632 perirent

491 1641 649 1681 funditus,
670 1642 942 1686 imprimeretque
957 1641 1062 1676 muris
1266 1656 1302 1676 ω

405 1761 527 1794 hostile
543 1767 688 1794 aratrum
705 1762 869 1796 exercitus
885 1762 1044 1796 insolens.

406 1823 580 1856 compesce
596 1820 744 1847 mentem
762 1827 770 1847 :
793 1826 848 1848 me
863 1825 998 1859 quoque
1014 1813 1160 1859 pectoris

452 1866 628 1908 temptavit
645 1866 680 1898 in
696 1867 786 1899 dulci
802 1867 938 1900 iuventa

495 1917 614 1957 servor,
634 1921 668 1950 et
684 1918 719 1951 in
734 1918 860 1952 celeres
874 1919 1006 1952 iambos
