1458 2315
101 135 156 178 vr]
318 135 680 167 EPISTULARUM
701 134 846 164 LIBER
872 134 900 164 l.
1067 141 1128 172 237

86 211 286 246 iamdudum
301 210 457 255 splendet
472 210 565 244 focus
580 214 613 244 et
631 209 693 243 tibi
709 209 836 242 munda
851 208 1013 252 supellex.

87 265 185 298 mitte
201 264 284 297 levis
299 275 375 307 spes
391 268 425 297 et
441 264 625 297 certamina
640 263 836 296 divitiarum

86 323 120 352 et
140 317 275 350 Moschi
290 327 427 350 causam
444 329 452 349 ε
475 327 548 349 cras
564 321 644 349 nato
661 316 806 349 Caesare
823 315 926 347 festus

88 369 148 402 dat
162 369 298 402 veniam
314 380 536 412 somnumque
551 369 624 402 dies
637 380 646 408 ;
671 369 808 411 impune
824 367 940 400 licebit
1096 381 1128 398 ιο

90 421 244 454 festivam
261 433 414 455 sermone
430 422 577 464 benigno
594 421 731 454 tendere
748 427 894 453 noctem.

89 485 158 517 quo
174 474 258 506 mihi
274 474 417 514 fortuna,
437 475 464 507 si
481 485 550 506 non
566 474 760 506 conceditur
775 474 849 512 uti?

89 537 210 570 pareus
226 527 272 560 ob
287 527 419 560 heredis
435 538 549 560 curam
566 527 775 569 nimiumque
792 537 926 559 severus

90 579 223 612 adsidet
239 580 369 612 insano.
419 586 536 622 potare
553 585 585 612 et
603 590 758 622 spargere
776 579 874 611 flores

90 632 251 675 incipiam
267 633 444 675 patiarque
460 633 512 665 vel
531 632 736 665 inconsultus
751 631 880 664 haberi.

91 685 175 728 quid
189 695 258 717 non
274 685 418 718 ebrietas
433 685 622 727 dissignat?
645 689 763 727 operta
779 684 931 724 recludit,

90 747 168 780 spes
185 737 277 770 iubet
293 747 365 770 esse
381 742 481 776 ratas,
501 738 544 769 ad
562 737 691 780 proelia
708 737 811 769 trudit
827 737 981 777 inertem,

89 789 242 823 sollicitis
258 789 380 822 animis
395 800 480 822 onus
495 790 622 828 eximit,
641 789 786 822 addocet
803 795 900 822 artes.

90 842 226 876 secundi
241 842 362 876 calices
377 853 479 885 quem
495 853 564 874 non
580 841 686 875 secere
703 842 864 874 disertum
874 844 890 874 ?

90 900 263 929 contracta
278 905 380 939 quem
394 906 464 928 non
480 895 514 927 in
531 899 730 938 paupertate
745 895 919 928 solutum?
1097 909 1132 927 20

90 948 174 981 haec
190 959 254 991 ego
270 958 448 991 procurare
464 953 497 980 et
513 948 655 980 idoneus
671 948 818 990 imperor
834 952 866 980 et
883 957 951 980 non

91 999 226 1040 invitus,
246 1011 289 1033 ne
304 1005 402 1043 turpe
419 1000 515 1040 toral,
535 1011 577 1033 ne
594 1000 729 1032 sordida
745 1010 870 1042 mappa

71 1074 76 1079 -
92 1057 247 1095 corruget
262 1053 362 1091 naris,
382 1063 424 1085 ne
441 1063 510 1085 non
526 1058 559 1085 et
576 1052 755 1085 cantharus
771 1058 804 1085 et
821 1053 899 1084 lanx

92 1104 248 1138 ostendat
265 1105 326 1137 tibi
344 1110 387 1143 te,
407 1115 450 1137 ne
467 1104 552 1137 fidos
569 1105 654 1137 inter
670 1105 797 1137 amicos

93 1157 136 1190 sit
151 1157 210 1200 qui
225 1157 317 1190 dicta
332 1156 421 1189 foras
437 1156 598 1196 eliminet,
618 1161 654 1189 ut
672 1162 767 1189 coeat
784 1167 846 1199 par

92 1209 316 1253 iungaturque
332 1210 414 1252 pari.
465 1209 604 1241 Butram
622 1209 682 1242 tibi
701 1210 954 1252 Septiciumque

93 1268 127 1295 et
143 1262 207 1295 nisi
224 1272 308 1295 cena
326 1262 417 1305 prior
433 1262 609 1305 potiorque
626 1262 739 1304 puella
757 1262 920 1294 Sabinum

93 1314 223 1348 detinet
239 1315 425 1347 adsumam.
472 1314 566 1347 locus
581 1321 630 1347 est
648 1320 680 1347 et
699 1315 850 1358 pluribus
866 1315 993 1347 umbris
1010 1326 1019 1348 ε

94 1367 153 1401 sed
170 1367 270 1400 nimis
285 1372 358 1400 arta
374 1372 529 1410 premunt
546 1367 657 1400 olidae
674 1368 827 1400 convivia
843 1378 976 1410 caprae.

94 1424 132 1453 tu
148 1424 271 1463 quotus
286 1430 358 1453 esse
375 1420 457 1453 velis
474 1420 628 1459 rescribe,
649 1426 681 1453 ct
698 1421 795 1453 rebus
812 1421 944 1454 omissis
1099 1435 1134 1461 30

94 1472 181 1506 atria
195 1477 383 1506 servantem
400 1473 531 1515 postico
547 1472 624 1505 salle
642 1472 809 1506 clientem.

96 1685 160 1720 VI.
292 1687 341 1720 IL
356 1687 512 1720 admirari
529 1699 634 1731 prope
651 1699 702 1722 res
719 1692 768 1721 est
785 1698 861 1727 una,
882 1687 1029 1727 Numici,

311 1740 448 1783 solaque
459 1752 546 1784 quae
557 1742 659 1784 possit
675 1742 782 1775 facere
792 1747 825 1774 et
843 1753 972 1775 servare
983 1743 1131 1775 beatum.

95 1789 186 1825 hunc
201 1791 306 1826 solem
324 1798 356 1825 et
373 1793 487 1826 stellas
503 1799 535 1826 et
552 1794 750 1827 decedentia
765 1796 864 1828 certis

97 1847 251 1887 tempora
267 1846 446 1878 momentis
463 1852 537 1879 sunt
555 1847 611 1890 qui
630 1847 806 1881 formidine
824 1848 916 1881 nulla

96 1894 217 1929 imbuti
233 1902 394 1940 spectent.
444 1900 524 1942 quid
542 1911 656 1933 censes
672 1911 811 1934 munera
827 1907 932 1934 terrm.-
944 1903 959 1934 ?

96 1947 179 1990 quid
193 1949 295 1982 maris
309 1956 477 1985 extremos
494 1953 624 1986 Arabas
639 1954 778 1987 ditantis
794 1962 825 1987 et
847 1955 948 1987 Indos
962 1956 976 1987 ?

0 2164 182 2315 ln„
