1410 2283
302 130 341 158 62
384 129 420 167 Q.
454 126 644 158 HORAT!
668 125 839 156 FLACCJ
867 125 1010 156 CARM.
1038 125 1125 157 LIB.
1156 126 1204 157 II.
1251 124 1325 167 [xx.

325 354 406 388 XX.
531 353 598 387 ΟΝ
616 354 737 386 usitata
754 364 814 386 nec
833 353 922 401 tenui
941 353 1027 386 ferar

559 416 670 448 penna
686 406 837 438 biformis
852 416 912 448 per
927 405 1094 448 liquidum
1110 405 1246 439 aethera

478 463 582 495 vates,
605 468 711 500 neque
729 458 762 489 in
774 458 870 490 terris
886 457 1043 490 morabor

523 509 665 552 longius,
686 509 879 552 invidiaque
895 509 1002 542 maior

436 612 533 644 urbes
550 611 744 654 relinquam.
796 621 863 644 non
880 622 955 654 ego,
974 621 1161 655 pauperum

437 664 570 705 sanguis
586 669 770 706 parentum,
791 673 860 695 non
876 674 950 706 ego,
970 673 1070 706 quem
1086 673 1187 696 vocas

483 717 491 731 ⁶
505 713 650 753 dilecte,'
669 715 856 753 Maecenas,
877 715 992 753 obibo,

522 777 583 799 nec
603 766 719 809 Stygia
732 766 914 798 cohibebor
930 767 1031 800 unda.

434 871 501 902 iarn
515 870 580 902 iam
597 869 743 902 residunt
760 869 910 902 cruribus
926 879 1063 912 asperae

431 922 544 965 pelles,
565 927 596 953 et
613 922 726 953 album
743 926 853 953 mutor
869 921 903 953 in
919 921 1033 954 alitem
1297 937 1331 956 xo

480 984 633 1016 superne,
652 979 897 1016 nascunturque
913 973 1003 1006 leves

519 1036 579 1067 per
594 1025 717 1067 digitos
733 1035 930 1067 umerosque
946 1024 1091 1068 plumae.

436 1127 502 1159 iam
518 1126 694 1159 Daedaleo
710 1126 822 1166 †ocior
838 1126 936 1159 Icaro

430 1180 535 1211 visam
551 1178 715 1220 gementis
730 1177 829 1210 litora
847 1178 987 1221 Bospori

475 1231 648 1273 Syrtisque
665 1229 826 1263 Gaetulas
843 1240 982 1263 canorus

516 1282 585 1315 ales
604 1282 908 1325 Hyperboreosque
923 1293 1071 1326 campos.

430 1395 485 1417 me
502 1383 648 1417 Coichus
660 1387 692 1416 et
709 1383 767 1426 qui
783 1383 970 1417 dissimulat
986 1388 1114 1419 metum

435 1437 566 1469 Marsae
583 1436 728 1468 cohortis
745 1435 858 1468 Dacus
873 1440 906 1468 et
923 1436 1034 1469 ultimi

478 1492 616 1521 noscent
632 1487 767 1527 Geloni,
785 1498 840 1520 me
855 1487 982 1530 peritus

519 1540 625 1572 discet
642 1539 753 1572 Hiber
770 1539 994 1583 Rhodanique
1009 1544 1118 1584 potor.
1295 1556 1330 1575 20

437 1641 548 1674 absint
565 1641 655 1673 inani
671 1640 786 1673 funere
801 1640 922 1674 neniae

435 1693 608 1735 luctusque
624 1697 738 1734 turpes
750 1696 783 1724 et
798 1692 1027 1735 querimoniae
1042 1706 1053 1734 ;

477 1755 652 1787 compesce
667 1744 847 1777 clamorem
862 1755 901 1778 ac
915 1744 1060 1788 sepulcri

526 1797 622 1830 mitte
637 1806 858 1839 supervacuos
873 1796 1027 1832 honores.
