1410 2283
291 131 349 161 232
577 122 612 160 Q.
646 120 775 152 ΗΘΚΛ
786 120 835 150 T!
859 119 1030 151 FLACC!
1252 117 1314 159 [rr.

295 196 409 229 fecerit
427 195 612 238 auspicium
630 208 638 228 ε
668 196 758 228 ‘cras
776 195 976 228 ferramenta
991 194 1146 228 Teanum

294 249 429 287 tolletis,
450 247 560 280 sabri.'
606 248 711 280 lectus
726 248 867 290 genialis
884 248 917 279 in
935 247 1011 280 aula
1027 253 1077 281 est
1093 259 1102 280 :

294 301 341 332 nil
358 301 402 333 ait
419 311 490 333 esse
506 300 606 343 prius,
627 300 746 332 melius
762 300 817 332 nil'
825 300 953 333 caelibe
970 300 1039 332 vita
1055 312 1063 333 ε

295 353 322 385 si
339 364 406 385 non
425 358 485 392 est,
506 353 590 384 iurat
609 352 695 384 bene
711 352 791 384 solis
807 363 879 384 esse
895 352 1035 384 maritis.

295 416 362 448 quo
379 411 508 437 teneam
526 405 636 437 voltus
652 410 837 437 mutantem
855 404 976 437 Protea
994 404 1110 437 nodo?
1290 417 1326 443 90

296 458 375 500 quid
394 458 546 500 pauper?
570 458 639 489 ride
656 470 663 490 ε
688 462 794 489 mutat
811 456 982 496 cenacula,
999 457 1115 496 lectos

295 510 427 549 balnea,
443 516 602 548 tonsores,
622 509 788 542 conducto
804 510 939 552 navigio
955 519 1062 552 aeque

297 568 431 594 nauseat
449 573 486 594 ac
506 561 664 604 locuples,
684 572 784 604 quem
800 561 892 594 ducit
909 561 1005 604 priva
1022 560 1177 594 triremis.

298 616 324 647 si
342 620 473 647 curatus
491 614 656 656 inaequali
673 620 806 646 tonsore
821 613 964 657 capillos

298 667 436 705 occurri,
457 667 543 698 rides
559 678 567 705 ;
591 667 617 698 si
636 666 718 698 sorte
735 666 895 698 subucula
913 676 1018 708 pexae

300 720 378 751 trita
395 719 506 750 subest
524 719 654 750 tunicae
671 718 722 750 vel
740 719 766 750 si
786 723 864 760 toga
879 718 1018 750 dissidet
1035 717 1154 760 impar,

300 772 403 803 rides:
427 770 519 813 quid,
540 781 614 802 mea
630 781 707 802 cum
724 775 848 811 pugnat
866 769 1032 802 'sententia
1048 780 1173 808 secum,

297 823 388 866 quod
407 823 502 865 petiit
519 822 655 864 spernit,
677 822 797 864 repetit
814 822 906 863 quod
922 832 1028 864 nuper
1043 821 1167 861 omisit,

297 881 424 907 aestuat
442 880 473 906 et
491 874 578 906 vitae
595 874 805 906 disconvenit
822 873 939 906 ordine
953 878 1036 913 toto,

296 927 409 966 diruit,
430 926 594 964 aedificat,
615 931 721 958 mutat
738 926 902 968 quadrata
917 926 1068 958 rotundis
1080 926 1096 958 i‘
1277 938 1328 957 100

298 979 440 1012 insanire
458 983 554 1021 putas
570 978 746 1010 sollemnia
762 988 815 1010 me
832 988 941 1020 neque
957 977 1056 1017 rides,

297 1042 359 1064 nec
376 1031 498 1063 medici
515 1031 622 1062 credis
641 1041 701 1062 nec
718 1030 880 1062 curatoris
896 1041 994 1072 egere

298 1095 318 1116 a
335 1089 488 1126 praetore
504 1083 586 1120 dati,
608 1093 715 1114 rerum
733 1081 838 1114 tutela
854 1092 1005 1114 mearum

298 1147 375 1168 cum
391 1136 436 1168 sis
451 1140 484 1167 et
502 1145 602 1176 prave
619 1140 746 1166 sectum
763 1133 983 1166 stomacheris
999 1132 1045 1166 ob
1055 1142 1208 1189 ‘unguem

298 1189 342 1220 de
359 1194 391 1220 te
408 1187 596 1230 pendentis,
618 1192 650 1219 te
667 1186 876 1228 respicientis
892 1185 1002 1218 amici.

299 1240 343 1272 ad
359 1250 536 1278 summam,
557 1239 687 1281 sapiens
704 1248 771 1270 uno
787 1238 899 1270 minor
913 1243 962 1271 est
980 1237 1073 1276 Iove,
1093 1236 1199 1277 dives,

298 1293 395 1330 liber,
415 1292 607 1330 honoratus,
629 1290 778 1332 pulcher,
798 1301 855 1322 rex
872 1289 1017 1332 denique
1033 1299 1160 1332 regum,

298 1345 476 1387 praecipue
493 1353 603 1382 sanuS,
624 1343 687 1375 nisi
703 1352 778 1375 cum
797 1342 919 1385 pituita
934 1341 1078 1375 molesta
1092 1346 1153 1374 est.

301 1557 350 1589 ΙΙ.
475 1556 655 1590 ROIANI
672 1556 753 1589 belli
770 1556 977 1599 scriptorem,
997 1553 1149 1587 Maxime
1165 1552 1267 1592 Lolli,

497 1610 578 1641 dum
595 1614 629 1641 tu
646 1609 815 1641 declamas
834 1609 975 1646 Romae,
997 1607 1178 1639 Praeneste
1193 1604 1321 1647 relegi.

301 1661 358 1704 qui
375 1662 456 1703 quid
473 1662 514 1693 sit
527 1661 714 1704 pulchrum,
731 1661 812 1703 quid
825 1665 933 1703 turpe,
948 1658 1029 1702 quid
1042 1658 1135 1697 utile,
1154 1657 1237 1700 quid
1248 1665 1329 1696 non,

301 1713 433 1755 planius
450 1725 488 1745 ac
505 1714 624 1746 melius
642 1713 834 1755 Chrysippo
851 1717 883 1744 et
901 1712 1065 1744 Crantore
1080 1710 1173 1743 dicit.

301 1775 360 1796 cur
375 1766 422 1797 ita
438 1766 647 1803 crediderim,
668 1765 732 1797 nisi
748 1765 830 1807 quid
846 1769 879 1796 te
895 1762 1033 1801 detinet,
1053 1762 1144 1795 audi.

301 1816 425 1855 fabula,
446 1827 513 1858 qua
531 1817 661 1849 Paridis
677 1822 816 1859 propter
831 1821 985 1848 narratur
1001 1824 1153 1847 amorem

303 1868 446 1900 Graecia
461 1869 635 1900 barbariae
652 1868 745 1900 lento
761 1867 879 1900 collisa
895 1866 1022 1906 duello,

302 1919 481 1952 stultorum
497 1930 613 1962 regum
630 1924 662 1952 et
679 1919 882 1962 populorum
900 1918 1049 1952 continet
1065 1920 1186 1950 aestus.
