1458 2315
87 149 142 192 11.]
315 151 676 183 EPISTULARUM
696 152 841 183 LIBER
867 153 915 185 [Ι.
1062 164 1121 194 273

86 226 243 260 fluctibus
258 227 294 260 in
309 227 430 261 mediis
445 232 477 261 et
495 228 750 271 tempestatibus
763 229 856 262 urbis

85 280 190 312 verba
203 280 296 323 lyrae
311 286 443 314 motura
459 291 579 314 sonum
596 286 772 314 conectere
789 282 906 324 digner
917 283 933 314 ?

87 333 188 366 frater
203 338 274 366 erat
292 335 424 366 Romae
441 334 583 366 consulti
602 334 725 373 rhetor,
745 339 781 366 ut
798 335 884 367 alter

86 386 224 419 alterius
239 397 395 419 sermone
412 398 522 419 meros
539 388 669 419 audiret
686 387 844 426 honores,

88 439 262 472 Gracchus
278 444 313 472 ut
330 439 384 472 hic
400 440 459 478 illi,
480 440 564 471 foret
581 440 659 472 huic
672 445 707 472 ut
725 440 857 472 Mucius
874 439 939 472 ille.

87 493 146 536 qui
162 493 274 524 minus
287 498 423 535 argutos
439 497 538 524 vexat
556 492 647 524 furor
664 493 724 524 iste
742 497 859 535 poetas
871 494 886 524 ?
1088 507 1123 533 90

88 545 238 577 carmina
254 555 434 587 compono,
454 544 510 576 hic
527 545 651 587 elegos.
698 545 852 577 mirabile
869 545 942 577 visu

88 598 321 641 caelatumque
337 609 460 630 novem
477 599 585 630 Musis
602 609 686 641 opus
701 600 708 630 Σ
749 598 885 640 adspice
902 598 1046 640 primum

88 656 216 694 quanto
233 661 310 683 cum
326 651 422 690 fastu,
443 655 570 693 quanto
586 651 760 683 molimine
777 651 901 682 circum

89 708 278 747 spectemus
294 714 435 735 vacuam
453 703 617 736 Romanis
634 704 766 735 vatibus
783 703 902 735 aedem
921 715 928 734 :

89 767 171 789 mox
185 757 298 796 etiam,
319 756 347 788 si
364 756 449 788 forte
466 767 574 795 vacaS,
595 766 733 798 sequere
749 760 782 788 et
799 755 917 798 procul
935 755 1025 794 audi,

90 809 172 852 quid
188 809 272 841 ferat
287 813 320 841 et
337 819 441 851 quare
457 808 521 840 sibi
538 813 650 841 nectat
664 813 803 850 uterque
820 819 990 840 coronam.

89 861 262 895 caedimur
278 866 310 894 et
327 861 471 894 totidem
488 861 597 904 plagis
613 861 841 894 consumimus
858 861 990 894 hostem

89 914 183 948 lento
201 913 370 947 Samnites
386 914 429 946 ad
446 913 575 946 lumina
592 914 700 956 prima
717 913 841 947 duello.

89 967 227 1000 discedo
243 967 389 999 Alcaeus
402 971 527 1009 puncto
543 966 632 998 illius
646 978 655 1006 ;
680 966 736 999 ille
753 977 829 999 meo
845 966 945 1009 quis?

90 1019 166 1062 quis
180 1019 244 1052 nisi
263 1019 491 1052 Callimachus
504 1020 519 1051 ἲ
541 1019 567 1051 si
585 1019 660 1061 plus
677 1019 859 1061 adposcere
878 1019 978 1057 visus,
1071 1032 1120 1050 100

61 1084 68 1090 ·
91 1072 129 1104 fit
147 1072 379 1111 Mimnermus,
400 1076 433 1104 et
449 1072 566 1114 optivo
583 1071 784 1113 cognomine
800 1071 927 1103 crescit.

91 1125 198 1183 mul'ta
213 1125 293 1164 sero,
313 1128 348 1156 ut
366 1124 497 1167 placem
514 1135 619 1167 genus
637 1124 798 1155 irritabile
815 1129 941 1162 vatum,

90 1188 169 1210 cum
185 1177 294 1210 scribo
311 1181 344 1209 et
361 1177 503 1219 supplex
519 1177 634 1219 populi
651 1176 808 1219 suffragia
824 1181 923 1219 capto
937 1188 945 1207 ε

91 1231 182 1264 idem
200 1231 304 1263 finitis
317 1231 436 1263 studiis
453 1235 485 1263 et
502 1235 615 1263 mente
633 1235 769 1273 recepta

91 1285 243 1317 obturem
262 1284 394 1327 patulas
410 1284 548 1326 impune
564 1284 752 1325 legentibus
769 1282 867 1315 auris.

91 1337 241 1370 ridentur
258 1336 347 1369 mala
363 1337 421 1379 qui
439 1341 646 1379 componunt
664 1336 812 1368 carmina
829 1348 839 1375 ;
863 1346 977 1368 verum

92 1390 241 1433 gaudent
257 1390 440 1422 scribentes
456 1393 488 1422 et
506 1400 540 1422 se
557 1393 759 1421 venerantur
774 1393 806 1420 et
824 1388 920 1428 ultro,

92 1443 120 1475 si
134 1447 256 1482 taceas,
277 1442 414 1474 laudant
433 1442 591 1485 quicquid
610 1442 769 1484 scripsere
786 1440 888 1473 beati.

91 1500 126 1528 at
143 1495 200 1539 qui
218 1495 406 1538 legitimum
425 1495 536 1537 cupiet
556 1494 671 1527 secisse
688 1504 820 1536 poema,

91 1558 168 1581 cum
183 1548 305 1580 tabulis
323 1548 472 1579 animum
490 1547 636 1580 censoris
653 1551 760 1579 sumet
778 1546 907 1578 honesti
930 1557 938 1585 ;
1080 1560 1129 1577 κιο

93 1601 233 1634 audebit
251 1611 483 1643 quaecumque
502 1610 620 1642 parum
639 1598 827 1641 splendoris
843 1597 1016 1629 habebunt

92 1658 125 1686 et
141 1653 213 1686 sine
229 1653 380 1696 pondere
397 1657 492 1685 erunt
511 1657 542 1684 et
561 1652 687 1683 honore
705 1651 843 1693 indigna
861 1650 1006 1682 serentur

92 1706 195 1739 verba
212 1717 348 1739 movere
366 1706 452 1743 loco,
476 1704 629 1747 quamvis
647 1704 751 1735 invita
771 1703 927 1735 recedant

91 1763 124 1791 et
142 1764 315 1792 versentur
330 1758 441 1791 adhuc
459 1758 544 1789 intra
564 1756 748 1799 penetralia
766 1756 912 1795 vestae;

90 1811 269 1845 obscurata
286 1812 343 1844 diu
361 1811 491 1854 populo
508 1810 617 1842 bonus
635 1814 725 1842 eruet
746 1814 847 1851 atque

90 1864 236 1907 proferet
253 1865 285 1897 in
299 1864 409 1897 lucem
426 1864 578 1906 speciosa
595 1862 758 1895 vocabula
775 1872 896 1900 rerum,

90 1927 176 1960 quae
193 1917 310 1960 priscis
327 1921 513 1949 memorata
533 1915 724 1948 Catonibus
741 1919 841 1956 atque
856 1912 1016 1955 Cethegis

91 1979 179 2008 nunc
194 1970 276 2003 situs
294 1969 444 2002 informis
462 1968 582 2012 premit
601 1972 634 2000 ct
650 1967 783 2000 deserta
801 1972 946 1999 vetustas
962 1976 971 2003 ς
