1410 2283
292 123 330 151 42

291 356 358 389 III.

580 113 616 151 Q.
648 111 837 143 HORATI
861 111 1032 143 FLACCI
1247 110 1312 152 [111.

552 354 727 397 EQUAM
744 359 913 387 memento
928 353 1027 387 rebus
1043 353 1077 386 in
1093 353 1206 386 arduis

571 418 700 441 servare
717 413 873 446 mentem,
894 417 963 440 non
978 417 1072 440 secus
1087 406 1121 439 in
1137 405 1235 439 bonis

506 460 551 492 ab
567 459 721 492 insolenti
738 463 958 502 temperatam

551 512 688 550 laetitia,
709 511 866 544 moriture
882 509 987 547 Delli,

462 641 520 663 seu
536 634 683 662 maestus
699 629 791 661 omni
809 633 959 671 ternpore
974 627 1106 668 vixeris,

462 692 520 714 seu
536 687 568 714 te
585 682 618 713 in
632 687 759 713 remoto
774 681 924 722 gramine
940 691 999 723 per
1014 681 1086 714 dies

505 734 606 766 festos
622 733 817 766 reclinatum
833 733 942 765 bearis

549 785 704 817 interiore
720 790 801 816 nota
818 784 962 816 Falerni.

461 914 530 946 quo
544 903 643 945 pinus
660 903 776 945 ingens
791 902 935 944 albaque
950 901 1094 944 populus

459 956 612 988 umbram
627 954 826 997 hospitalem
842 954 1033 986 consociare
1048 957 1162 986 amant
1278 968 1311 985 ιο

502 1007 628 1039 ramis?
649 1007 731 1049 quid
747 1006 885 1048 obliquo
902 1005 1031 1037 laborat

546 1058 684 1100 Iympha
700 1057 799 1100 fugax
815 1057 980 1099 trepidare
997 1056 1092 1088 rivo?

457 1178 522 1211 huc
539 1178 616 1210 vina
631 1181 663 1210 et
679 1180 848 1219 unguenta
864 1180 896 1208 et
913 1174 1053 1207 nimium
1067 1173 1178 1208 brevis

459 1230 557 1262 flores
573 1239 734 1261 amoenae
749 1228 833 1261 serre
850 1227 927 1259 iube
942 1236 1049 1266 rosae,

499 1282 581 1314 dum
598 1291 649 1313 res
665 1285 697 1312 et
713 1284 803 1312 aetas
819 1284 852 1312 et
870 1279 1031 1312 Sororum

546 1333 604 1366 fila
619 1333 718 1366 trium
731 1332 903 1375 patiuntur
918 1335 1000 1364 atra.

454 1452 552 1485 cedes
568 1451 729 1494 coemptis
745 1450 884 1483 saltibus
900 1454 932 1482 et
949 1449 1053 1482 domo

455 1505 610 1545 villaque,
631 1503 735 1536 flavus
747 1513 849 1545 quam
864 1501 997 1534 Tiberis
1012 1500 1093 1534 lavit
1105 1513 1116 1542 ς

499 1557 609 1593 cedes,
628 1560 660 1588 et
677 1554 849 1587 exstructis
865 1554 899 1585 in
914 1554 1021 1586 altum

542 1608 667 1640 divitiis
683 1607 829 1650 potietur
844 1607 950 1639 heres.
1274 1618 1308 1636 20

454 1727 591 1759 divesne
606 1726 716 1769 prisco
726 1730 829 1758 natus
844 1725 887 1757 ab
904 1724 1033 1757 Inacho

454 1778 503 1810 nil
518 1779 664 1818 interest,
683 1789 727 1810 an
743 1788 870 1820 pauper
885 1781 918 1809 et
930 1777 1046 1808 infima

497 1831 540 1862 de
555 1835 654 1872 gente
669 1831 731 1862 sub
746 1830 824 1862 divo
839 1828 989 1867 moreris,

541 1882 677 1914 victima
693 1882 741 1915 nil
757 1881 944 1914 miserantis
961 1880 1053 1914 Orci.
