1410 2283
255 168 272 188 2
276 168 314 197 54
544 158 578 196 Q.
611 157 742 187 Hom-1
752 156 801 186 TI
825 155 914 186 FLA
921 154 997 186 CCI
1174 152 1276 195 [xvir.

253 231 407 270 delectat,
428 231 454 262 si
473 235 502 263 te
520 231 628 273 pulvis
644 231 864 273 strepitusque
879 235 1036 270 rotarum,

252 284 279 315 si
298 284 398 316 laedit
418 294 579 325 caupona,
604 283 821 315 Ferentinum
838 283 884 315 ire
901 282 1033 315 iubebo.

253 346 330 367 nam
349 346 455 377 neque
472 335 631 367 divitibus
646 335 844 377 contingunt
861 334 982 377 gaudia
999 334 1089 373 soliS‚

254 398 314 419 nec
332 388 412 419 vixit
431 388 527 426 male,
550 388 605 429 qui
624 392 721 419 natus
739 387 948 428 moriensque
965 386 1092 418 sesellit.
1251 399 1284 415 ιο

252 440 277 471 si
297 440 453 482 prodesse
468 440 532 471 tuis
549 440 718 482 pauloque
735 439 910 480 benignius
928 439 1036 481 ipsum

252 498 284 524 te
303 499 442 524 tractare
459 493 563 530 voles,
585 492 724 524 accedes
742 491 847 523 siccus
863 491 906 522 ad
923 495 1069 523 unctum.

257 546 265 560 ⁸
277 545 302 575 si
322 545 497 586 pranderet
515 545 613 576 holus
631 544 804 586 patienter,
827 543 960 585 regibus
976 543 1024 574 uti

251 596 354 628 nollet
374 595 594 638 Aristippus.’
645 598 653 611 ¹
670 596 697 627 si
714 596 811 627 sciret
828 595 960 636 regibus
976 594 1035 633 uti,

252 647 412 680 fastidiret
431 648 538 686 holus,
561 648 617 689 qui
636 659 689 679 me
706 646 824 683 notat.'
871 647 975 678 utrius
991 646 1110 678 horum

253 702 354 732 verba
371 701 492 744 probes
509 707 539 732 et
559 700 645 731 sacta
662 700 758 738 doce,
779 699 830 731 vel
849 699 957 730 iunior
973 699 1050 730 audi

252 763 309 784 cur
326 753 366 784 sit
385 753 550 794 Aristippi
571 752 683 794 potior
701 751 875 783 sententia.
927 760 1071 792 namque

252 805 444 836 mordacem
463 804 628 844 Cynicum
647 803 693 835 sic
711 803 876 840 eludebat,
898 806 933 833 ut
950 801 1040 833 aiunt
1058 813 1065 833 :

257 857 266 871 ‘
277 867 405 888 scurror
421 866 483 897 ego
500 855 571 896 ipse
590 855 682 893 mihi,
704 853 830 896 populo
848 859 883 885 tu
899 865 905 884 :
930 853 1050 884 rectius
1065 852 1130 885 hoc
1146 858 1179 885 et

254 908 461 951 splendidius
478 907 584 938 multo
603 912 661 938 est.
713 917 817 947 equus
835 911 869 937 ut
886 916 939 936 me
955 909 1075 947 portet,
1096 904 1163 937 alat
1180 915 1247 942 rex,

252 961 399 993 officium
416 959 502 992 facio
518 972 525 991 z
550 964 584 990 tu
604 958 714 1000 poscis
734 958 811 989 vilia
830 968 949 996 rerum,
1245 972 1276 988 21

253 1013 354 1044 dante
372 1012 490 1049 minor,
511 1011 665 1053 quamvis
685 1010 748 1042 fers
765 1014 797 1041 te
815 1009 936 1041 nullius
953 1014 1117 1051 egentem.

253 1065 361 1097 omnis
379 1064 589 1105 Aristippum
607 1062 720 1094 decuit
737 1062 829 1094 color
846 1066 877 1093 et
895 1066 1000 1093 status
1017 1067 1049 1093 et
1066 1071 1128 1100 res,

253 1122 473 1159 temptantem
489 1116 626 1154 maiora,
647 1115 714 1147 fere
732 1114 961 1157 praesentibus
978 1124 1134 1156 aequum.

253 1176 376 1208 contra,
398 1180 497 1211 quem
514 1168 640 1210 duplici
658 1177 771 1209 panno
787 1166 950 1209 patientia
966 1166 1066 1204 velat,

254 1222 408 1260 mirabor,
429 1222 516 1253 vitae
534 1221 587 1252 via
604 1221 630 1252 si
649 1230 808 1252 conversa
827 1218 969 1250 decebit.

253 1275 336 1306 alter
353 1284 553 1316 purpureum
571 1283 638 1304 non
659 1271 865 1313 exspectabit
881 1269 1040 1302 amictum
1056 1281 1066 1309 ;

253 1327 417 1369 quidlibet
434 1326 568 1357 indutus
586 1323 803 1356 celeberrima
819 1333 880 1365 per
895 1322 971 1354 loca
987 1321 1097 1360 vadet,

254 1388 496 1421 personamque
513 1377 593 1409 seret
612 1386 679 1407 non
696 1375 916 1407 inconcinnus
933 1379 1107 1416 utramque
1125 1384 1134 1405 z

255 1432 338 1463 alter
355 1431 464 1462 Mileti
481 1435 606 1462 textam
626 1438 706 1460 cane
723 1427 816 1469 peius
833 1431 865 1459 et
883 1426 985 1468 angui
1246 1438 1281 1462 30

255 1483 374 1515 vitabit
390 1482 602 1523 chlamydem
619 1493 628 1520 ;
652 1480 811 1512 morietur
830 1478 950 1520 frigore
968 1478 995 1510 si
1011 1487 1080 1510 non

256 1535 418 1567 rettuleris
434 1544 592 1577 pannum.
646 1532 729 1564 refer
746 1536 778 1563 et
795 1531 866 1563 sine
882 1530 973 1562 vivat
991 1529 1135 1571 ineptus.

255 1599 306 1620 res
322 1598 434 1629 gerere
451 1591 483 1618 et
500 1590 616 1627 captos
633 1584 807 1616 ostendere
825 1583 952 1614 civibus
968 1581 1086 1620 hostis,

256 1640 388 1681 attingit
404 1639 524 1671 solium
542 1637 633 1669 Iovis
650 1641 682 1668 et
699 1635 853 1667 caelestia
870 1638 1023 1676 temptat.

256 1691 462 1734 principibus
479 1689 642 1732 placuisse
659 1688 737 1719 viris
755 1697 823 1719 non
840 1685 958 1718 ultima
974 1685 1045 1716 laus
1061 1687 1122 1716 est.

256 1754 324 1775 non
339 1743 443 1775 cuivis
458 1741 586 1773 homini
605 1739 769 1781 contingit
787 1738 878 1770 adire
896 1736 1106 1770 Corinthum.

257 1795 341 1827 sedit
358 1795 414 1836 qui
431 1794 541 1825 timuit
558 1802 600 1824 ne
617 1802 685 1823 non
702 1790 894 1823 succederet
912 1800 920 1821 :
943 1792 1026 1820 esto.

256 1847 338 1889 quid
350 1848 365 1878 ἲ
388 1846 444 1887 qui
461 1844 623 1887 pervenit,
647 1843 769 1875 fecitne
787 1841 926 1873 viriliter
938 1841 953 1872 ?
975 1838 1069 1882 atqui

256 1899 310 1930 hic
327 1903 375 1930 est
392 1902 447 1928 aut
463 1906 628 1937 nusquam
647 1894 736 1936 quod
751 1893 951 1936 quaerimus.
986 1891 1042 1923 hic
1055 1900 1138 1923 onus
1153 1888 1276 1926 horret,

257 1956 294 1983 ut
310 1949 420 1992 parvis
436 1948 556 1980 animis
574 1952 605 1979 et
624 1958 727 1989 parvo
745 1956 883 1988 corpore
901 1944 1010 1976 maius
1028 1955 1037 1976 ς
1249 1955 1284 1978 4ο
