1458 2315
127 145 224 187 ναι]

122 957 226 996 VIII.

387 144 663 176 CARMJNUM
685 145 830 175 LIBER
855 145 902 176 ll.
1122 157 1163 187 47

304 220 472 254 oblivioso
487 220 576 253 levia
592 220 742 254 Massico

304 274 435 307 ciboria
449 273 548 316 exple
560 285 572 313 3
595 273 699 306 fimde
715 273 896 317 capacibus

348 332 521 370 unguenta
536 326 579 359 de
595 327 743 360 conchis.
793 327 868 370 quis
883 326 952 359 udo

392 381 618 423 deproperare
635 380 714 422 apio
730 390 872 412 coronas

302 504 438 533 curatve
454 501 587 542 myrto?
611 510 711 543 quem
726 500 844 532 Venus
861 499 1034 532 arbitrum.

303 553 394 585 dicet
409 553 575 586 bibendi?
598 563 668 585 non
683 563 748 594 ego
764 552 878 585 sanius

349 605 544 638 bacchabor
560 605 709 637 Edonis:
732 609 869 647 recepto

390 657 491 691 dulce
506 657 592 691 mihi
608 657 716 692 furere
733 662 782 692 est
798 657 919 692 amico,

399 956 497 990 LLA
514 957 541 990 si
557 956 638 990 iuris
654 956 717 990 tibi
733 956 874 1000 peierati

420 1021 542 1054 poena,
563 1010 696 1050 Barine,
716 1010 886 1043 nocuisset
902 1020 1074 1054 umquam,

297 1063 399 1096 dente
416 1064 444 1097 si
461 1064 559 1106 nigro
575 1063 672 1096 fieres
688 1062 744 1096 vel
761 1073 831 1096 uno

477 1116 608 1159 turpior
622 1116 736 1159 ungui,

297 1236 488 1270 crederem:
512 1236 572 1268 sed
589 1240 636 1274 tu,
656 1235 755 1268 simul
773 1235 931 1278 obligasti

295 1287 463 1331 perfidum
479 1288 567 1320 votis
583 1294 695 1331 caput,
715 1288 871 1321 enitescis

296 1340 469 1385 pulchrior
483 1340 592 1373 multo
607 1341 833 1384 iuvenumque
848 1341 964 1384 prodis

475 1393 614 1436 publica
629 1403 718 1427 cura.

296 1514 434 1557 expedit
449 1514 565 1548 matris
581 1514 710 1546 cineres
727 1518 862 1557 opertos

295 1566 413 1600 fallere
429 1570 463 1599 εἰ
479 1571 552 1598 toto
569 1566 735 1598 taciturna
752 1566 860 1599 noctis
1119 1584 1150 1601 ιο

296 1619 393 1662 signa
408 1629 485 1652 cum
501 1617 596 1651 caelo
612 1617 790 1660 gelidaque
806 1618 904 1652 divos

474 1676 583 1703 morte
599 1671 751 1704 carentis.

294 1790 381 1824 ridet
396 1790 472 1830 hoc,
494 1790 643 1833 inquam,
664 1790 780 1822 Venus
796 1790 879 1833 ipsa,
899 1790 1011 1823 rident

292 1843 463 1886 simplices
479 1842 672 1885 Nymphae,
693 1842 780 1875 serus
796 1846 831 1875 et
847 1843 991 1886 Cupido,

294 1905 427 1939 semper
443 1895 591 1928 ardentis
607 1905 730 1927 acuens
747 1895 885 1938 sagittas

469 1953 545 1981 cote
561 1953 709 1980 cruenta.
