1410 2283
258 135 315 164 174
548 125 584 163 Q.
617 123 746 154 HORA
757 123 805 154 TI
828 123 917 154 FLA
923 123 999 154 CCI
1216 121 1276 163 [lv.

258 200 382 242 fingere
399 198 455 241 qui
473 209 539 231 non
559 199 629 230 visa
643 203 763 241 potest,
783 198 962 231 commissa
978 203 1088 230 tacere

256 253 312 294 qui
331 252 454 294 nequit,
476 251 531 282 hic
548 251 642 292 niger
657 256 717 289 est,
737 250 825 282 hunc
842 256 888 289 tu,
910 250 1074 289 Romane,
1093 254 1220 282 caveto.

257 315 356 346 saepe
373 304 477 335 tribus
494 303 587 335 lectis
605 303 716 334 videas
733 306 850 334 cenare
867 307 1056 344 quaternos,

259 367 277 388 e
293 356 414 398 quibus
432 366 515 387 unus
531 360 619 386 annet
638 355 754 396 quavis
770 354 969 396 adspergere
984 358 1122 386 cunctos

259 414 388 450 praeter
412 418 487 439 eum
513 407 570 449 qui
592 406 729 449 praebet
755 417 876 449 aquam
889 417 899 444 ;
932 411 1008 448 post
1028 405 1116 437 hunc
1143 414 1279 448 quoque

391 466 499 502 potus,

258 512 394 543 condita
408 522 483 543 cum
498 521 596 542 verax
614 510 720 552 aperit
737 509 932 552 praecordia
949 509 1060 542 Liber.

258 564 310 595 hic
329 564 388 594 tibi
406 563 510 595 comis
527 570 558 595 et
576 563 722 594 urbanus
740 562 889 603 liberque
907 561 1049 600 videtur,
1245 574 1281 600 90

259 615 378 647 infesto
392 615 493 657 nigris
513 626 519 646 t
544 625 607 656 ego
622 615 648 646 si
667 614 731 652 risi,
752 614 841 656 quod
860 614 992 655 ineptus

260 667 412 709 pastillos
431 666 574 698 Rufillus
590 667 669 704 olet,
691 665 882 707 Gargonius
898 665 1038 702 hircum,

259 719 381 750 lividus
397 725 428 750 et
444 719 580 749 mordax
599 719 714 749 videor
731 718 791 749 tibi
805 719 820 749 ?
864 717 991 749 mentio
1006 716 1103 759 siqua

259 771 302 802 de
315 770 497 812 Capitolini
517 770 608 801 furtis
626 770 747 801 iniecta
766 768 876 801 Petilli

260 828 292 854 te
308 833 420 854 coram
438 822 544 859 fuerit,
565 820 724 853 defendas
742 826 776 852 ut
794 825 869 852 tuus
885 825 933 851 est
952 821 1024 851 mos
1042 829 1050 851 :

260 878 268 891 ‘
282 885 334 906 me
351 874 565 915 Capitolinus
582 873 773 904 convictore
790 882 866 903 usus
883 872 1058 913 amicoque

260 937 280 957 a
296 937 399 968 puero
415 932 475 963 est,
496 936 661 967 causaque
677 935 752 956 mea
770 923 935 966 permulta
952 929 1085 964 rogatus

262 978 348 1016 fecit,
369 983 400 1009 et
418 977 592 1008 incolumis
610 977 714 1008 laetor
729 976 818 1018 quod
836 975 916 1007 vivit
934 975 968 1006 in
985 975 1066 1006 urbe
1084 986 1092 1006 :

261 1031 318 1062 sed
336 1035 447 1061 tamen
465 1029 611 1060 admiror
627 1039 694 1070 quo
711 1033 810 1070 pacto
827 1027 986 1059 iudicium
1003 1026 1085 1058 illud

262 1081 405 1123 sugerit.’
452 1081 506 1113 hic
523 1081 635 1122 nigrae
653 1090 749 1111 sucus
766 1079 935 1121 longinis,
956 1078 1039 1110 haec
1055 1083 1104 1109 est
1227 1091 1278 1110 100

261 1145 383 1175 aerugo
400 1144 490 1165 mera
506 1145 513 1164 ε
536 1132 627 1174 quod
644 1132 759 1164 vitium
777 1131 892 1173 procul
907 1130 998 1162 afore
1014 1130 1147 1168 chartis,

261 1192 360 1228 atque
377 1186 489 1216 animo
507 1185 608 1228 prius,
629 1190 664 1215 ut
682 1183 792 1226 siquid
809 1183 1002 1225 promittere
1018 1182 1060 1214 de
1076 1192 1131 1214 me

262 1248 395 1280 possum
412 1236 503 1268 aliud
520 1247 604 1274 vere,
626 1236 795 1278 promitto.
845 1234 980 1266 liberius
996 1234 1023 1266 si

261 1290 377 1321 dixero
393 1289 485 1331 quid,
505 1288 531 1320 si
551 1288 633 1320 sorte
649 1287 802 1325 iocosius,
821 1286 886 1318 hoc
903 1286 984 1317 mihi
1002 1285 1080 1317 iuris

262 1352 337 1373 cum
354 1341 451 1373 venia
468 1341 563 1371 dabis
580 1352 587 1371 z
612 1339 754 1371 insuevit
771 1344 864 1380 pater
880 1339 1024 1380 optimus
1040 1337 1104 1369 hoc
1120 1347 1186 1376 me,

264 1399 300 1424 ut
319 1393 464 1434 sugerem
483 1392 646 1433 exemplis
662 1391 819 1422 vitiorum
835 1400 985 1432 quaeque
1001 1389 1161 1421 notando.

262 1456 337 1477 cum
354 1455 408 1476 me
422 1445 615 1481 hortaretur,
637 1454 735 1486 parce
752 1442 920 1484 frugaliter
935 1447 1036 1483 atque

263 1497 408 1528 viverem
425 1496 472 1528 uti
490 1501 663 1528 contentus
679 1506 719 1526 eo
735 1494 823 1536 quod
840 1494 886 1525 mi
903 1493 975 1535 ipse
990 1496 1148 1535 parasset,

261 1550 270 1564 ‘
286 1559 396 1580 nonne
414 1548 516 1586 vides,
538 1547 619 1578 Albi
637 1553 671 1578 ut
689 1546 777 1578 male
793 1546 883 1577 vivat
901 1544 998 1583 filius,
1017 1549 1121 1587 utque

266 1601 368 1631 Rarus
384 1600 506 1642 inops?
529 1609 689 1641 maguum
705 1598 954 1635 documentum,
973 1607 1016 1628 ne
1031 1595 1176 1638 patriam
1191 1604 1262 1627 rem

263 1652 400 1692 perdere
416 1652 490 1694 quis
506 1651 584 1683 velit
604 1649 628 1682 :'
645 1661 664 1681 a
681 1650 767 1692 turpi
785 1649 965 1681 meretricis
981 1658 1094 1680 amore
1229 1660 1276 1678 ιη

263 1714 339 1735 cum
355 1704 544 1741 deterreret,
569 1704 577 1718 ‘
591 1702 724 1734 Scetani
741 1701 910 1732 dissimilis
926 1700 971 1732 sis
985 1698 1010 1731 ς’

264 1766 306 1786 ne
322 1765 474 1797 sequerer
490 1754 656 1792 moechas,
677 1763 833 1784 concessa
849 1763 925 1784 cum
940 1761 1060 1783 venere
1075 1750 1124 1782 uti

263 1817 406 1848 possem,
431 1807 439 1822 ‘
451 1805 606 1848 deprensi
623 1815 690 1837 non
706 1805 795 1836 bella
811 1809 858 1836 est
876 1803 964 1835 sama
979 1801 1148 1835 Treboni’

263 1858 373 1889 aiebat
392 1870 399 1889 :
427 1859 435 1874 ‘
448 1858 590 1899 sapiens,
611 1857 715 1888 vitatu
731 1856 877 1898 quidque
892 1855 1000 1898 petitu

265 1910 305 1941 sit
322 1909 450 1948 melius,
471 1919 586 1941 causas
603 1908 717 1940 reddet
735 1908 805 1940 tibi.
855 1907 901 1939 mi
917 1907 996 1940 satis
1011 1911 1060 1939 est
1075 1906 1103 1938 si
