1410 2283
232 131 251 160 ε
516 128 552 166 ρ.
584 124 776 158 Homin-
798 125 972 158 macc!
1186 124 1250 167 [π.

234 340 296 373 IV.
399 338 619 372 OLVITL'R
645 337 730 370 acris
753 337 885 380 hiemps
907 340 1003 380 grata
1022 335 1096 369 vice
1110 333 1197 369 veris
1220 340 1260 370 et

467 391 605 429 Favoni,
804 394 809 399 '

277 444 476 486 trahuntque
493 443 596 475 siccxm
615 441 788 474 machinae
805 440 955 480 carinas;

234 507 272 529 ac
289 506 396 539 neque
414 496 479 527 iam
498 495 636 526 stabulis
653 494 776 537 gaudet
793 504 894 536 pecus
910 498 966 526 aut
983 497 1093 525 arator
1108 491 1186 534 igni,

278 560 339 581 nee
356 556 450 592 prata
466 548 557 580 canis
574 547 720 579 albicant
737 547 873 589 pruinis,

235 661 301 693 iam
318 659 485 702 Cytherea
503 658 622 691 choros
641 658 732 690 ducit
751 657 865 689 venus
883 655 1079 688 imminente
1095 654 1185 695 luna,

278 713 475 754 iunctaeque
494 710 662 753 Nymphis
681 710 818 743 Gratiae
835 709 992 741 decentes

234 765 362 797 alterno
379 770 499 796 terram
517 763 669 806 quatiunt
687 763 782 805 pede,
804 761 885 793 dum
902 760 1012 804 gravis
1029 759 1218 803 Cyclopum

282 816 450 849 Volcanuz
467 816 586 848 ardens
603 815 679 847 visit
696 814 855 847 officinas.

236 939 323 961 nunc
341 928 434 960 decet
452 933 508 960 aut
528 927 623 959 viridi
643 926 787 959 nitidum
804 930 902 969 caput
921 925 1082 968 impedire
1099 929 1218 968 myrto,

279 987 335 1014 aut
353 981 442 1020 flore,
465 986 569 1013 terrae
587 990 687 1023 quem
706 979 812 1011 serunt
830 978 980 1016 solutae3
1228 991 1260 1009 ιο

236 1045 322 1067 nune
339 1041 371 1066 ct
389 1034 421 1065 in
439 1033 603 1064 umbrosis
625 1032 740 1063 Fauno
757 1031 852 1063 (lecet
872 1029 1045 1062 immolare
1062 1029 1156 1068 lucis,

282 1098 338 1119 seu
357 1092 471 1129 pozcat
489 1095 574 1126 agna
591 1084 658 1116 sive
675 1083 768 1115 malit
789 1082 908 1114 haedo.

237 1200 364 1244 pallida
383 1199 476 1230 Mors
493 1207 600 1239 aequo
619 1196 728 1239 pulsat
748 1195 831 1238 pede
849 1204 1034 1238 pauperum
1051 1193 1206 1226 tabernas

282 1262 462 1295 regumque
480 1250 588 1282 turris.
640 1260 660 1281 o
678 1249 774 1280 beate
794 1247 892 1286 Sesti,

240 1306 327 1338 vitae
345 1315 474 1337 summa
491 1302 600 1335 brevis
618 1312 713 1344 spem
730 1310 791 1332 nos
808 1304 898 1332 vetat
917 1297 1073 1331 incohare
1090 1297 1235 1341 longam.

235 1367 238 1371 ’
285 1358 351 1390 iam
369 1363 401 1389 te
419 1361 546 1399 premet
565 1365 630 1386 nox
648 1352 846 1394 fabulaeque
864 1351 982 1383 Manes

237 1475 269 1502 et
285 1469 404 1501 domus
423 1467 517 1500 exilis
537 1466 716 1498 Plutonia:
740 1474 807 1507 quo
824 1462 923 1496 simul
942 1461 1071 1499 meai-is,

282 1531 344 1554 nec
361 1531 463 1563 regna
480 1519 549 1551 vini
567 1517 706 1550 sortiere
724 1516 810 1554 talis,

238 1583 299 1606 nec
316 1579 469 1605 tenerum
487 1570 639 1613 Lycidan
656 1567 831 1606 mirabere,
852 1577 921 1610 quo
937 1565 1024 1598 calet
1041 1565 1195 1598 iuventus

286 1635 374 1657 nunc
391 1623 510 1662 omnis,
531 1628 563 1655 et
581 1632 658 1654 mox
677 1620 820 1663 virgines
838 1618 1011 1662 tepebunt.
1233 1629 1268 1647 20
