1410 2283
562 868 1045 913 EPISTULARUM.

615 1001 740 1028 LIBER
759 1001 991 1029 SECUNDUS.

294 1099 321 1130 Ι.
434 1100 506 1133 UM
524 1105 572 1133 tot
589 1102 752 1134 sustineas
769 1106 801 1134 et
817 1106 911 1134 tanta
925 1101 1062 1145 negotia
1075 1101 1177 1141 solus,

452 1164 503 1185 res
520 1153 623 1185 Italas
640 1154 740 1185 armis
757 1154 883 1192 tuteris,
903 1154 1052 1186 moribus
1067 1164 1176 1192 ornes,

292 1205 422 1247 legibus
438 1205 605 1243 emendeS‚
627 1205 662 1236 in
679 1205 815 1247 publica
830 1205 1008 1237 commoda
1023 1215 1172 1248 peccem,

293 1258 320 1289 si
338 1258 439 1299 longo
455 1267 606 1289 sermone
622 1267 732 1289 morer
748 1262 805 1289 tua
821 1261 983 1299 tempora,
1003 1257 1138 1290 Caesar.

294 1309 458 1340 Romulus
475 1313 507 1340 et
525 1308 627 1340 Liber
642 1312 737 1350 pater
752 1313 784 1340 et
801 1319 876 1340 eum
894 1309 1032 1341 Castore
1049 1308 1182 1347 Pollux,
1405 1309 1410 1331 ¹

293 1366 369 1402 post
385 1360 534 1402 ingentia
550 1359 637 1391 sacta
652 1360 791 1391 deorum
808 1360 843 1391 in
859 1360 984 1402 templa
998 1360 1134 1402 recepti,

294 1412 374 1443 dum
391 1417 494 1444 terras
510 1411 750 1453 hominumque
767 1411 880 1444 colunt
896 1422 1011 1454 genus,
1031 1421 1150 1453 aspera
1163 1409 1255 1442 bella

295 1467 513 1505 componunt,
532 1473 629 1504 agros
646 1463 834 1504 adsignant,
854 1463 981 1505 oppida
997 1463 1156 1502 condunt,

297 1515 469 1556 ploravere
486 1515 552 1546 suis
568 1525 635 1545 non
652 1514 853 1556 respondere
870 1514 1018 1546 savorem

296 1571 463 1609 speratum
479 1566 614 1598 meritis.
665 1566 771 1597 diram
788 1566 844 1608 qui
861 1565 1012 1598 contudit
1029 1564 1185 1607 Hydram
1285 1578 1318 1596 ιο

296 1624 442 1660 notaque
461 1618 552 1650 fatali
568 1623 723 1659 portenta
740 1617 855 1649 labore
871 1617 1012 1659 subegit,
1394 1618 1410 1691 ξ

298 1671 460 1713 comperit
476 1669 637 1701 invidiam
653 1680 808 1711 supremo
825 1668 890 1701 fine
905 1668 1046 1701 domari.

299 1724 363 1755 urit
380 1723 470 1755 enim
486 1722 612 1764 fulgore
629 1732 689 1753 suo
706 1722 762 1763 qui
779 1726 976 1764 praegravat
992 1726 1079 1752 artes

298 1775 383 1806 infra
399 1785 434 1806 se
449 1774 574 1816 positas
590 1786 598 1805 t
623 1773 804 1805 exstinctus
820 1773 986 1805 amabitur
1002 1772 1102 1805 idem.

299 1826 465 1868 praesenti
483 1825 543 1857 tibi
559 1830 706 1857 maturos
723 1825 882 1867 largimur
897 1825 1052 1864 honores,

299 1877 520 1918 iurandasque
538 1882 631 1909 tuum
647 1888 708 1920 per
723 1888 848 1910 numen
865 1876 1022 1919 ponimus
1037 1885 1122 1915 aras,

300 1928 348 1959 nil
364 1928 525 1960 oriturum
541 1927 633 1969 alias,
655 1928 703 1960 nil
719 1933 831 1961 ortum
846 1928 912 1962 tale
927 1927 1080 1960 fatentes.
