1410 2283
272 123 334 156 2⁶6
560 123 596 161 Q.
628 120 759 152 ΗΘΜ
768 120 818 152 TI
841 118 1012 151 FLACC!
1258 115 1296 158 [r.

274 209 343 232 non
357 203 480 232 temere
493 202 541 230 est
555 197 686 230 animus
702 207 709 229 :
734 206 847 229 versus
857 198 958 234 amat,
973 191 1160 227 hocstudet
1171 202 1275 226 unum
1289 202 1302 231 ς

275 252 489 289 detrimenta,
506 250 599 292 fugas
615 259 795 288 servorum,
816 247 971 280 incendia
986 246 1093 286 ridet;

276 314 344 335 non
362 302 510 334 fraudem
527 302 618 333 socio
634 311 780 344 puerove
796 299 956 342 incogitat
971 297 1075 331 ullam

278 355 409 398 pupillo
423 366 432 393 ;
456 354 539 386 vivit
556 354 685 395 siliquis
701 358 733 385 et
750 362 837 395 pane
853 351 1000 384 secundo
1014 361 1026 389 ς

279 408 418 439 militiae
434 417 638 449 quamquam
655 406 749 448 piger
764 410 796 437 et
814 404 930 442 malus,
951 402 1042 435 utilis
1058 401 1144 441 urbi,

279 460 305 491 si
323 460 382 491 das
398 459 472 498 hoc,
493 458 604 500 parvis
620 468 752 500 quoque
769 457 866 489 rebus
883 465 1005 498 magna
1020 454 1136 487 iuvari.

279 523 317 543 os
334 517 483 543 tenerum
501 510 592 552 pueri
609 510 812 551 balbumque
829 513 930 550 poeta
946 507 1075 550 figurat,

281 569 411 606 torquet
428 564 472 594 ab
488 562 639 594 obscenis
657 562 721 593 iam
739 572 825 593 nunc
841 560 1050 592 sermonibus
1065 568 1191 598 aurem,

282 627 359 647 mox
376 616 475 647 etiam
494 620 609 657 pectus
625 613 810 655 praeceptis
826 612 945 644 format
962 611 1089 650 amicis,

283 667 470 709 asperitatis
487 672 520 698 et
537 666 682 697 invidiae
699 669 864 696 corrector
880 669 912 696 et
929 663 1008 701 irae,

283 724 371 751 recte
388 718 474 750 sacta
492 717 599 755 refert,
621 717 761 748 orientia
778 721 930 757 tempora
944 715 1032 746 notis
1259 727 1310 752 130

283 770 415 803 instruit
431 769 602 811 exemplis,
625 769 760 810 inopem
776 767 900 799 solatur
915 771 948 799 et
965 775 1114 808 aegrum.

283 822 382 855 castis
399 832 474 854 cum
491 821 600 863 pueris
617 821 731 862 ignara
748 818 861 861 puella
877 818 987 850 mariti

283 875 423 906 disceret
440 874 528 905 unde
544 883 669 914 preces,
690 876 800 903 vatem
817 870 851 902 ni
868 870 967 902 Musa
983 868 1156 901 dedisset?

284 926 391 969 poscit
407 935 505 967 opem
521 925 642 956 chorus
658 928 689 955 et
707 922 894 965 praesentia
911 921 1049 953 numina
1064 920 1176 960 sentit,

284 977 435 1010 caelestis
452 976 607 1018 implorat
624 985 727 1017 aquas
743 974 843 1006 docta
859 983 957 1016 prece
973 972 1128 1012 blandus,

284 1030 404 1062 avertit
421 1029 566 1067 morbos,
586 1027 766 1059 metuenda
783 1025 930 1068 pericula
947 1025 1053 1067 pellit,

285 1082 440 1124 impetrat
457 1086 489 1112 et
506 1091 623 1122 pacem
641 1085 672 1111 ct
690 1078 892 1120 locupletem
910 1077 1058 1119 frugibus
1075 1086 1210 1108 annum.

285 1134 432 1166 carmine
449 1133 483 1164 di
501 1132 610 1174 superi
631 1131 815 1173 placantur,
837 1129 983 1162 carmine
999 1129 1131 1162 Manes.

285 1185 450 1228 agricolae
466 1185 577 1227 prisci,
598 1183 698 1215 sortes
715 1192 884 1225 parvoque
900 1181 1001 1220 beati,

285 1237 420 1269 condita
436 1242 513 1278 post
528 1235 693 1267 frumenta
710 1234 858 1266 levantes
874 1238 1024 1275 tempore
1041 1231 1128 1264 sesto
1264 1245 1316 1271 140

286 1302 405 1334 corpus
422 1296 454 1322 et
471 1291 579 1333 ipsum
596 1290 744 1321 animum
761 1299 820 1331 spe
838 1288 913 1320 finis
929 1287 1012 1319 dura
1027 1287 1189 1320 serentem

285 1353 360 1375 cum
378 1342 476 1374 sociis
493 1352 629 1383 operum
647 1340 756 1382 pueris
773 1345 805 1372 et
823 1339 964 1381 coniuge
981 1338 1058 1377 fida,

287 1394 457 1426 Tellurem
474 1404 586 1436 porco,
609 1393 782 1425 Silvanum
799 1391 884 1424 lacte
900 1390 1050 1433 piabant,

288 1447 425 1479 floribus
442 1452 474 1478 et
493 1446 570 1477 vino
587 1445 732 1477 Genium
750 1454 933 1476 memorem
949 1443 1059 1475 brevis
1075 1442 1161 1475 aevi.

289 1498 497 1531 Fescennina
513 1507 571 1539 per
586 1497 674 1528 hunc
692 1497 828 1527 inventa
843 1494 979 1527 licentia
995 1504 1123 1527 morem

287 1550 436 1582 versibus
452 1550 588 1581 alternis
605 1548 786 1590 opprobria
802 1547 923 1579 rustica
941 1545 1037 1585 fudit,

288 1602 491 1643 libertasque
507 1600 703 1632 recurrentis
720 1603 858 1641 accepta
873 1608 934 1640 per
949 1607 1055 1629 annos

288 1654 367 1685 lusit
383 1653 582 1690 amabiliter,
603 1652 710 1683 donec
725 1651 792 1682 iam
809 1660 926 1682 saevus
943 1654 1094 1692 apertam

290 1706 325 1736 in
342 1706 470 1737 rabiem
487 1704 598 1746 coepit
614 1703 698 1736 verti
715 1703 808 1734 iocus
823 1707 855 1734 et
872 1712 932 1744 per
947 1701 1107 1733 honestas

294 1758 341 1789 ire
357 1757 475 1788 domos
492 1757 630 1798 impune
646 1755 770 1787 minax.
819 1753 956 1786 doluere
968 1757 1108 1785 cruento
1271 1765 1324 1790 150

294 1810 395 1841 dente
411 1809 573 1840 lacessiti:
597 1808 658 1840 suit
675 1807 808 1839 intactis
823 1816 956 1849 quoque
973 1815 1053 1837 cura

293 1861 492 1894 condicione
509 1871 608 1902 super
623 1859 793 1891 communi
809 1870 817 1890 :
840 1858 921 1901 quin
937 1857 1040 1890 etiam
1056 1856 1111 1889 lex

293 1922 469 1956 poenaque
486 1911 555 1942 lata
570 1911 661 1943 malo
678 1921 764 1954 quae
779 1909 885 1943 nollet
901 1909 1047 1942 carmine
1063 1916 1266 1951 quemquam
