1410 2283
553 0 570 52 l

263 161 320 190 150
545 147 585 184 Q.
617 144 748 175 ΗΘΚΛ
758 144 807 174 TI
831 143 920 174 FLA
926 143 1001 174 CCI
1197 142 1284 184 [ΧΠ.

350 223 492 257 candide
511 221 706 258 Maecenas,
727 218 852 251 occidis
869 228 968 261 saepe
983 217 1134 260 rogando
1149 229 1157 250 ε

394 276 476 307 deus
493 274 578 306 deus
595 282 673 302 nam
691 282 743 302 me
761 275 849 302 vetat

350 330 513 370 inceptos,
534 324 620 357 olim
638 323 838 365 promissum
855 332 998 362 carmen,
1018 321 1148 354 iambos

397 381 439 412 ad
457 377 658 411 umbilicum
676 375 851 406 adducere.

353 443 420 465 non
436 432 532 463 aliter
553 428 668 461 Samio
685 427 801 459 dicunt
818 425 935 458 arsisse
953 425 1111 468 Bathyllo

399 485 615 516 Anacreonta
632 479 764 517 Teium,

355 537 411 580 qui
429 544 589 578 persaepe
606 542 687 564 cava
705 530 872 563 testudine
890 529 980 562 flevit
998 539 1147 562 amorem
1264 544 1297 562 ιο

401 599 469 620 non
485 586 694 619 elaboratum
712 583 754 615 ad
773 582 905 625 pedem.

358 641 461 673 ureris
475 640 543 681 ipse
563 638 672 672 miser.
724 635 843 677 quodsi
861 644 929 666 non
946 632 1117 676 pulchrior
1133 632 1221 676 ignis

404 691 557 724 accendit
574 690 743 721 obsessam
762 687 859 725 Ilion,

362 745 469 788 gaude
488 746 575 775 sorte
591 747 648 773 tua
664 752 671 772 :
697 750 749 771 me
767 738 922 770 libertina
939 747 1046 780 neque
1062 747 1130 769 uno

409 799 567 830 contenta
586 793 716 835 Phryne
734 795 890 823 macerat.

282 1059 362 1094 XV.
514 1057 581 1091 ΟΧ
599 1062 668 1090 erat
685 1062 718 1091 et
732 1057 827 1091 caelo
844 1057 991 1100 fulgebat
1007 1056 1087 1089 luna
1101 1067 1220 1090 sereno

581 1110 667 1142 inter
683 1110 811 1142 minora
829 1110 947 1147 sidera,

371 1173 447 1195 cum
463 1166 498 1194 tu
515 1173 711 1204 magnorum
728 1172 853 1194 numen
869 1161 999 1194 laesura
1014 1160 1155 1193 deorum

419 1215 453 1246 in
466 1215 568 1247 verba
585 1215 716 1246 iurabas
733 1225 819 1253 mea,

373 1267 474 1299 artius
490 1272 590 1308 atque
606 1266 730 1298 hedera
746 1276 882 1308 procera
902 1264 1116 1307 adstringitur
1131 1263 1197 1296 ilex

417 1319 516 1351 lentis
532 1319 716 1350 adhaerens
731 1318 906 1356 bracchiis,

374 1372 455 1404 dum
471 1371 582 1413 pecori
599 1371 706 1413 lupus,
727 1375 759 1402 et
776 1371 886 1402 nautis
904 1369 1041 1402 infestus
1058 1368 1165 1402 Orion

420 1423 566 1456 turbaret
582 1423 758 1455 hibernum
776 1433 878 1462 mare,

379 1476 594 1517 intonsosque
610 1475 751 1517 agitaret
769 1474 942 1517 Apollinis
959 1483 1039 1506 aura
1053 1471 1206 1516 capillos,

422 1527 491 1560 fore
506 1527 594 1559 hunc
611 1537 756 1559 amorem
770 1532 935 1559 mutuum.
1280 1537 1313 1555 10

381 1591 402 1612 o
418 1579 561 1611 dolitura
573 1590 648 1611 mea
662 1579 804 1611 multum
820 1579 942 1611 virtute
958 1577 1093 1610 Neaera
1107 1577 1117 1609 ἱ

426 1642 505 1663 nam
521 1631 631 1673 siquid
649 1631 683 1662 in
701 1631 824 1663 Flacco
841 1631 903 1663 viri
919 1635 981 1668 est,

383 1695 451 1717 non
467 1684 549 1716 seret
565 1684 714 1716 assiduas
731 1683 853 1726 potiori
869 1689 902 1716 te
918 1683 998 1715 dare
1013 1685 1140 1720 noctes,

429 1741 462 1768 et
477 1740 613 1778 quaeret
630 1736 732 1768 iratus
750 1746 866 1778 parem
885 1747 893 1767 ι

385 1799 447 1820 nec
460 1787 564 1820 semel
581 1788 727 1820 offensae
744 1788 839 1820 ce'det
855 1785 1041 1820 constantia
1055 1784 1195 1821 formae,

431 1841 457 1872 si
475 1846 582 1872 certus
598 1840 728 1872 intrarit
743 1840 852 1872 dolor.

389 1897 422 1924 et
438 1897 484 1931 tu,
506 1893 706 1935 quicumque
723 1902 757 1923 es
774 1891 901 1924 felicior
916 1894 1017 1933 atque
1033 1898 1109 1921 meo
1125 1896 1214 1919 nunc

434 1944 595 1985 superbus
611 1944 736 1976 incedis
751 1943 852 1981 malo,
