1458 2315
112 144 186 187 ιη]
359 144 419 175 SA
428 144 661 175 TIRARUM
683 144 829 174 LIBER
855 145 902 174 ΙΙ.
1090 151 1151 184 205

116 233 188 255 rem
203 221 362 265 imperito
376 231 386 261 ;
410 231 450 254 ac
466 221 494 253 si
511 221 565 253 cui
581 220 699 254 videor
714 231 784 253 non
799 220 916 259 iustus,
937 219 1046 253 inulto

114 275 228 308 dicere
244 275 335 318 quod
352 274 454 307 sentit
470 272 656 316 permitto.'
702 274 850 305 maxime
866 284 996 316 regum,
1102 287 1152 314 190

115 328 152 360 di
168 327 231 360 tibi
247 328 328 360 dent
344 332 443 370 capta
459 327 602 360 classem
617 326 784 359 deducere
800 327 914 359 Troia„

116 391 198 424 ergo
215 381 389 413 consulere
404 386 437 413 et
454 391 533 412 mox
550 380 754 422 respondere
771 380 886 412 licebit
900 380 914 411 ?

83 450 85 453 v
121 435 130 450 ‘
143 433 307 467 consule.'
354 444 413 466 cur
430 434 530 473 Aiax,
552 433 651 465 heros
668 433 712 465 ab
728 433 864 465 Achille
881 432 1056 471 secundus,

116 487 272 530 putescit,
293 487 416 519 totiens
433 486 573 519 servatis
589 486 699 518 clarus
715 483 868 525 Achivis,

117 540 264 582 gaudeat
280 544 317 571 ut
334 539 480 582 populus
499 539 625 571 Priami
643 539 862 580 Priamusque
880 538 1067 577 inhumato,

117 603 179 635 per
195 603 297 636 quem
314 598 364 625 tot
380 593 518 625 iuvenes
534 593 645 635 patrio
662 603 797 624 caruere
814 591 968 634 sepulcro
981 592 996 623 ?

121 646 130 662 ⁶
144 645 238 678 mille
255 645 370 678 ovium
385 645 522 677 insanus
540 646 641 677 morti
657 645 760 684 dedit,
783 645 936 677 inclitum
956 643 1083 676 Ulixen

117 703 153 731 et
170 697 366 730 Menelaum
382 709 451 730 una
466 709 599 731 mecum
617 708 651 730 se
668 698 822 730 occidere
839 695 1015 729 clamans.'

116 755 154 784 tu
170 761 248 783 cum
264 761 326 793 pro
343 751 448 783 vitula
463 751 582 783 statuis
599 750 734 783 dulcem
750 750 877 782 Aulide
893 756 1010 781 natam

117 808 197 836 ante
212 814 286 836 aras
303 804 500 847 spargisque
517 803 610 836 mola
626 808 738 846 caput,
759 803 926 846 improbe,
948 802 1048 840 salsa,
1100 815 1151 832 200

116 862 245 890 rectum
271 857 376 889 animi
400 858 538 890 servas?
573 867 734 900 quorsum
746 857 766 899 Ρ,
790 856 928 889 insanus
953 855 1036 898 quid
1060 854 1151 886 enim

252 910 343 942 Aiax

117 962 196 995 fecit
212 973 290 995 cum
305 962 421 995 stravit
438 962 525 995 ferro
541 973 644 1005 pecus
656 963 671 994 ?
694 962 855 995 abstinuit
874 962 943 994 vim

85 1062 89 1066 Ι
119 1026 222 1048 uxore
239 1020 272 1048 et
287 1021 392 1058 gnato
410 1027 417 1047 :
441 1015 531 1047 mala
547 1015 654 1047 multa
670 1021 825 1058 precatus
844 1016 973 1047 Atridis

119 1078 188 1100 non
203 1068 261 1100 ille
276 1073 334 1100 aut
349 1068 518 1100 Teucrum
534 1073 591 1099 aut
609 1068 718 1110 ipsum
737 1068 877 1100 violavit
896 1069 1035 1102 Ulixen.

124 1121 133 1137 ‘
146 1131 261 1152 verum
279 1131 353 1163 ego,
373 1125 409 1152 ut
425 1120 594 1152 haerentis
611 1121 752 1152 adverso
769 1120 867 1153 litore
884 1122 979 1153 navis

119 1173 293 1216 eriperem,
316 1173 462 1215 prudens
478 1172 610 1214 placavi
628 1173 789 1214 sanguine
805 1172 929 1205 divos)

119 1235 242 1268 nempe
258 1230 326 1263 tuo,
347 1224 479 1257 furiose.
532 1225 540 1240 ‘
556 1235 644 1263 me0,
665 1225 723 1256 scd
741 1235 809 1256 non
827 1225 978 1259 furiosus.
987 1225 1040 1250 ’—

119 1278 178 1320 qui
195 1277 321 1320 species
337 1277 420 1309 alias
436 1276 504 1309 veri
523 1276 723 1319 scelerisque
740 1278 884 1310 tumultu

121 1330 305 1373 permixtas
321 1330 444 1372 capiet,
461 1334 651 1362 commotus
668 1330 859 1370 habebitur,
879 1336 981 1374 atque

119 1383 306 1416 stultitiane
323 1387 408 1415 erret
425 1382 568 1414 nihilum
584 1382 721 1414 distabit
739 1393 782 1414 an
799 1383 856 1415 ira.
1104 1401 1155 1419 210

121 1436 211 1468 Aiax
229 1447 307 1468 cum
325 1435 510 1468 immeritos
527 1435 649 1467 occidit
667 1435 789 1478 desipit
807 1447 911 1478 agnos
928 1449 936 1470 ε

121 1498 198 1521 cum
216 1488 364 1531 prudens
379 1488 486 1520 scelus
502 1488 547 1520 ob
565 1487 679 1520 titulos
696 1488 845 1521 admittis
862 1490 981 1529 inanis,

122 1545 190 1573 stas
206 1541 332 1580 animo,
352 1546 386 1574 et
410 1551 531 1584 purum
556 1546 605 1573 est
629 1541 711 1573 vitio
734 1541 795 1573 tibi
820 1553 896 1574 cum
919 1543 1086 1576 tumidum
1105 1550 1153 1578 est

256 1595 338 1626 cor?

122 1645 227 1688 siquis
243 1645 364 1678 lectica
379 1646 523 1678 nitidam
541 1651 672 1688 gestare
688 1650 777 1678 amet
795 1657 928 1689 agnam,

122 1697 200 1730 huic
218 1703 354 1737 vestem,
376 1704 411 1730 ut
427 1705 561 1740 gnatae,
583 1705 676 1741 paret
694 1699 844 1739 ancillas,
867 1707 959 1742 paret
977 1712 1104 1742 aurum,

124 1749 249 1781 Rufam
265 1754 322 1782 aut
340 1751 501 1783 Posillam
519 1751 667 1794 appellet
685 1751 826 1794 sortique
845 1753 966 1785 marito

121 1801 268 1835 destinet
285 1813 433 1842 uxorem,
455 1804 636 1836 interdicto
655 1804 731 1836 huic
749 1815 848 1837 omne
862 1805 987 1839 adimat
1007 1807 1056 1839 ius

123 1859 267 1897 praetor,
289 1859 321 1887 et
339 1855 381 1887 ad
398 1867 497 1888 sanos
514 1857 613 1889 abeat
633 1856 738 1888 tutela
756 1857 972 1900 propinquos.

122 1907 232 1949 quid?
253 1907 357 1950 siquis
373 1914 509 1950 gnatam
528 1920 588 1952 pro
606 1914 698 1941 muta
717 1909 859 1942 devovet
877 1921 972 1953 agna,

124 1958 253 2003 integer
269 1965 318 1993 est
335 1961 437 1993 animi
452 1963 466 1994 ?
491 1973 532 1995 ne
549 1962 685 1995 dixeris.
735 1973 815 2006 crgo
831 1963 887 1995 ubi
905 1974 1008 2006 prava
1106 1980 1156 1998 220
