1458 2315
135 136 202 178 xm]

384 134 662 167 CARMJNUJJ
684 134 830 165 LIBER
858 135 924 165 Ill.
1142 137 1180 167 81

316 215 354 244 tu
368 214 468 254 potes
484 209 580 253 tigris
596 209 806 254 comitesque
823 210 925 244 silvas

312 265 436 298 ducere
454 268 488 297 et
504 264 594 296 rivos
611 263 736 296 celeres
753 264 877 297 morari
890 275 902 304 ;

313 318 415 351 cessit
432 317 590 349 immanis
607 317 670 349 tibi
687 317 878 350 blandienti

492 371 617 403 ianitor
633 370 731 403 aulae

318 492 497 531 Cerberus,
519 492 675 535 quamvis
692 492 810 525 furiale
827 497 964 526 centum

316 545 472 578 muniant
489 555 616 587 angues
632 551 734 588 caput
752 546 823 578 eius
839 546 943 589 atque

315 598 453 642 spiritus
469 603 577 631 taeter
593 599 773 642 saniesque
790 606 905 632 manet

493 662 552 684 ore
569 652 731 694 trilingui.
1148 668 1183 686 20

314 763 399 808 quin
414 768 448 797 et
464 764 567 797 Ixion
583 764 774 808 Tityosque
791 765 887 797 voltu

314 818 387 850 risit
404 817 512 850 invito
527 830 536 858 3
561 818 655 851 stetit
671 829 756 851 urna
772 819 927 862 paullum

314 871 414 911 sicca,
435 871 518 903 dum
533 875 630 913 grato
648 871 763 903 Danai
779 872 912 914 puellas

494 925 644 957 carmine
660 924 800 958 mulces.

314 1019 430 1052 audiat
447 1020 544 1063 Lyde
560 1020 669 1053 scelus
686 1026 787 1064 atque
803 1026 902 1054 notas

313 1073 483 1116 virginum
500 1084 629 1116 poenas
645 1079 679 1107 et
695 1074 796 1107 inane
813 1074 973 1119 lymphae

316 1126 447 1158 dolium
464 1125 569 1158 fundo
585 1128 758 1168 pereuntis
774 1127 855 1167 imo,

496 1189 636 1222 seraque
653 1179 732 1219 fata,

321 1292 410 1324 quae
426 1286 565 1314 manent
582 1281 699 1324 culpas
716 1282 820 1314 etiam
837 1283 899 1315 sub
918 1282 1020 1318 Orco.

316 1334 584 1378 impiae‚—nam
602 1335 684 1378 quid
700 1340 841 1378 potuere
858 1336 966 1370 maius
976 1338 1035 1370 ?—
1151 1354 1185 1379 30

319 1388 445 1432 impiae
463 1399 607 1431 sponsos
624 1392 766 1430 potuere
783 1389 869 1422 duro

494 1441 636 1484 perdere
653 1441 751 1475 ferro.

314 1548 382 1570 una
399 1536 441 1570 de
458 1535 574 1570 multis
590 1536 663 1570 face
678 1538 823 1580 nuptiali

316 1590 422 1633 digna
438 1589 611 1633 periurum
628 1590 690 1623 suit
706 1591 741 1623 in
758 1596 935 1634 parentem

317 1643 496 1687 splendide
512 1644 659 1676 mendax
675 1648 708 1676 et
726 1643 761 1676 in
778 1655 878 1678 omne
895 1645 991 1689 virgo

496 1695 621 1729 nobilis
638 1706 769 1737 aevum,

322 1800 330 1816 ‘
342 1809 441 1842 surge
454 1799 464 1816 '
481 1810 569 1843 quae
585 1800 670 1833 dixit
688 1800 800 1834 iuveni
817 1801 950 1843 marito,

319 1851 330 1868 ‘
343 1863 452 1895 surge,
473 1863 517 1885 ne
533 1852 655 1895 longus
672 1853 734 1885 tibi
751 1864 888 1888 somnus
904 1855 995 1889 unde

315 1915 385 1938 non
401 1905 500 1938 times
517 1905 618 1938 detur
633 1918 641 1939 τ
666 1916 818 1940 socerum
837 1913 869 1942 ct
886 1909 1044 1942 scelestas

492 1956 572 1990 salle
586 1967 729 1999 sorores,
1143 1975 1181 2002 40
