1458 2315
429 692 840 739 CARMINUM

469 846 596 874 LIBER
623 847 796 876 PRIMUS.

131 972 160 1006 1.
319 973 550 1008 AECENAS
569 975 677 1009 atavis
694 976 785 1010 edite
802 977 947 1020 regibus,

342 1038 362 1060 o
379 1033 412 1061 et
430 1028 637 1070 praesidium
655 1034 688 1062 et
705 1029 804 1062 dulce
821 1031 924 1064 decus
940 1042 1065 1072 meum,

196 1086 274 1114 sunt
289 1091 376 1125 quos
392 1081 558 1115 curriculo
574 1083 751 1125 pulverem
768 1083 989 1128 Olympicum

195 1133 374 1177 collegisse
392 1134 496 1175 iuvat,
516 1141 677 1179 metaque
693 1136 832 1169 fervidis

196 1187 324 1220 evitata
339 1188 422 1221 rotis
438 1188 622 1232 palmaque
640 1189 766 1222 nobilis

195 1246 360 1274 terrarum
376 1242 534 1275 dominos
551 1243 664 1276 evehit
680 1244 723 1276 ad
742 1244 824 1277 deos
838 1257 847 1284 3

194 1294 297 1335 hunc,
315 1295 344 1328 si
360 1295 540 1328 mobilium
556 1296 657 1328 turba
674 1296 859 1338 Quiritium

195 1353 302 1382 certat
318 1348 516 1392 tergeminis
532 1348 651 1382 tollere
667 1349 855 1383 honoribus
871 1364 879 1391 3

194 1401 302 1441 illum,
323 1402 350 1434 si
368 1401 506 1445 proprio
522 1402 676 1435 condidit
692 1402 814 1436 horreo

192 1454 355 1498 quicquid
373 1455 415 1488 de
431 1455 570 1497 Libycis
587 1455 730 1488 verritur
746 1456 842 1489 areis.

191 1508 398 1551 gaudentem
416 1508 543 1552 patrios
560 1508 688 1541 findere
704 1509 835 1542 sarculo

190 1572 290 1605 agros
306 1562 466 1595 Attalicis
483 1561 741 1594 condicionibus

188 1625 376 1658 numquam
393 1615 583 1655 dimoveas,
599 1620 636 1648 ut
653 1615 748 1648 trabe
766 1615 893 1659 Cypria

189 1668 363 1710 Myrtoum
379 1668 524 1711 pavidus
540 1673 643 1701 nauta
659 1673 749 1702 secet
765 1679 872 1702 mare.

187 1720 372 1754 luctantem
392 1721 510 1755 Icariis
527 1722 686 1755 fluctibus
702 1722 859 1756 Africum

187 1779 355 1808 mercator
370 1780 526 1808 metuens
543 1775 651 1808 otium
668 1781 701 1808 et
718 1776 837 1819 oppidi

186 1826 305 1860 laudat
321 1838 398 1860 rura
413 1828 465 1861 sui
480 1841 488 1862 ε
512 1839 593 1861 mox
609 1829 717 1862 reficit
733 1829 814 1862 ratis

186 1890 337 1924 quassas,
358 1880 514 1914 indocilis
531 1882 728 1925 pauperiem
746 1882 829 1926 pati.

185 1937 236 1966 est
253 1933 312 1977 qui
328 1944 391 1967 nec
407 1933 530 1967 veteris
546 1935 670 1977 pocula
686 1935 826 1969 Massici

185 1996 248 2020 nec
265 1991 396 2030 partem
413 1985 523 2022 solido
539 1987 676 2022 demere
693 1988 735 2022 de
751 1988 807 2022 die

1115 1477 1146 1494 10

1101 2006 1136 2024 20
