1410 2283
262 175 319 206 162
545 175 581 212 Q.
613 174 652 203 H
653 173 743 204 ORA
754 174 784 203 Τ
781 174 803 204 I
826 173 915 204 FLA
921 174 949 204 C
950 173 998 205 CI
1242 172 1280 214 [1.

261 255 294 281 at
313 249 339 280 si
357 253 515 289 cognatos
531 247 623 279 nullo
640 252 757 279 natura
773 247 887 280 labore

261 312 345 343 quos
363 300 421 331 tibi
439 300 494 331 dat
513 299 652 331 retinere
668 299 749 331 velis
766 310 962 341 servareque
977 299 1112 339 amicos,

262 353 376 385 infelix
393 362 527 393 operam
546 351 675 393 perdas,
696 356 732 383 ut
748 351 851 393 siquis
867 351 1006 383 asellum
1250 364 1286 391 90

265 407 297 437 in
316 406 448 446 Campo
464 404 580 435 doceat
597 409 770 446 parentem
786 413 916 436 currere
932 403 1058 436 frenis?

263 457 407 499 denique
423 456 463 487 sit
483 455 556 487 finis
571 455 762 498 quaerendi,
782 466 925 497 cumque
941 454 1066 487 habeas
1081 454 1167 498 pluS,

264 509 455 551 pauperiem
471 513 600 539 metuas
613 508 730 544 minus,
751 512 783 539 et
801 506 895 538 finire
911 506 1061 538 laborem

265 562 403 603 incipias
420 566 515 602 parto
531 560 621 602 quod
639 559 760 592 avebas
774 570 783 598 ;
806 569 848 591 ne
865 558 965 591 facias
980 558 1072 601 quod

267 613 458 646 Ummidius
474 612 622 654 quidam.
672 622 739 643 non
757 611 856 653 longa
872 616 921 643 est
939 610 1060 643 sabula.
1106 609 1200 642 dives

265 671 299 697 ut
318 665 486 697 metiretur
503 674 666 701 nummos,
685 664 731 695 ita
747 663 900 695 sordidus
915 666 951 694 ut
967 673 1003 695 se

267 728 333 749 non
351 727 507 758 umquam
525 726 619 747 servo
636 715 754 747 melius
770 715 914 753 vestiret,
935 715 977 746 ad
995 723 1097 756 usque

266 779 457 811 supremum
474 774 605 810 tempus
622 778 662 799 ne
679 778 713 799 se
730 767 867 809 penuria
883 766 989 798 victus

267 821 469 863 opprimeret
486 820 666 851 metuebat.
713 825 745 850 at
762 818 850 850 hunc
868 818 986 850 liberta
1002 817 1107 850 securi

267 873 380 905 divisit
398 872 554 909 medium,
575 871 753 902 fortissima
769 870 1049 912 Tyndaridarum.
1242 882 1292 900 100

272 927 280 941 ⁴
295 924 375 967 quid
391 924 437 955 mi
455 924 552 965 igitur
569 923 708 954 suades?
730 927 766 954 ut
784 922 894 953 vivam
912 921 1060 953 Naevius
1074 924 1132 952 aut
1147 919 1194 953 sic

269 984 305 1009 ut
320 977 553 1008 Nomentanus
564 973 593 1006 ?’
619 975 727 1016 pergis
744 973 928 1016 pugnantia
944 983 1057 1005 secum

272 1029 434 1060 frontibus
450 1027 596 1058 adversis
613 1037 832 1068 componere:
857 1035 924 1057 non
943 1035 1016 1067 ego,
1036 1035 1173 1056 avarum

271 1091 346 1112 cum
363 1085 439 1110 veto
456 1084 487 1110 te
505 1078 583 1116 fieri,
603 1089 748 1120 vappam
765 1078 864 1109 iubeo
879 1086 918 1110 ac
936 1076 1147 1109 nebulonem.

272 1139 320 1164 cst
338 1132 423 1163 inter
438 1130 567 1162 Tanain
585 1130 746 1172 quiddam
763 1139 979 1171 socerumque
995 1128 1114 1160 viselli
1129 1139 1137 1160 ε

272 1191 321 1216 est
338 1184 456 1214 modus
473 1183 505 1213 in
522 1183 629 1220 rebus,
651 1187 726 1213 sunt
743 1181 823 1213 certi
839 1181 983 1223 denique
1000 1180 1093 1219 fines,

273 1247 355 1278 quos
372 1235 456 1266 ultra
473 1235 619 1276 citraque
636 1234 751 1276 nequit
767 1233 948 1265 consistere
963 1237 1100 1265 rectum.

275 1288 352 1319 illuc
369 1287 456 1318 unde
472 1286 538 1317 abii
557 1287 666 1324 redeo,
688 1284 765 1328 †qui
782 1295 893 1324 nemo,
914 1290 950 1317 ut
965 1294 1094 1323 avarus,

275 1350 309 1372 se
326 1340 443 1381 probet
461 1349 498 1370 ac
516 1338 626 1380 potius
643 1338 754 1369 laudet
771 1338 900 1369 diversa
916 1336 1096 1378 sequentis,

275 1391 431 1434 quodque
448 1390 556 1421 aliena
572 1390 699 1432 capella
715 1394 808 1432 gerat
825 1389 1000 1421 distentius
1014 1388 1108 1427 uber,
1249 1401 1298 1419 no

276 1443 433 1480 tabescat,
454 1453 560 1484 neque
577 1452 611 1473 se
628 1441 745 1473 maiori
762 1441 999 1483 pauperiorum

277 1495 394 1527 turbae
409 1500 587 1535 comparet,
609 1493 697 1525 hunc
713 1498 814 1535 atque
830 1493 918 1524 hunc
934 1500 1090 1534 superare
1104 1489 1244 1530 laboret,

277 1547 323 1578 sic
340 1546 507 1578 festinanti
523 1556 654 1587 semper
669 1545 869 1587 locupletior
884 1543 1006 1582 obstet,

278 1603 323 1633 ut,
344 1608 420 1629 cum
435 1597 620 1629 carceribus
636 1597 754 1629 missos
771 1596 857 1638 rapit
872 1595 998 1638 ungula
1013 1604 1135 1633 currus,

278 1653 378 1681 instat
394 1649 487 1691 equis
502 1650 616 1691 auriga
632 1660 708 1681 suos
726 1647 946 1686 vincentibus,
965 1646 1062 1678 illum

278 1701 494 1743 praeteritum
511 1706 661 1733 temnens
677 1706 842 1733 extremos
859 1700 946 1731 inter
960 1702 1106 1730 euntem.

278 1754 357 1786 inde
374 1755 409 1786 fit
424 1758 460 1785 ut
476 1764 560 1791 raro,
579 1753 636 1794 qui
653 1763 687 1785 se
707 1752 827 1784 vixisse
842 1751 980 1783 beatum

279 1806 367 1836 dicat
384 1810 417 1836 et
434 1811 550 1836 exacto
567 1809 742 1836 contentus
757 1809 907 1844 tempore
922 1801 993 1833 vita

279 1857 375 1888 cedat
391 1856 439 1887 uti
456 1856 596 1887 conviva
611 1862 711 1894 satur,
730 1855 873 1897 reperire
889 1861 1059 1896 queamuS.

281 1907 347 1938 iarn
363 1908 442 1939 satis
459 1912 519 1938 est.
567 1918 609 1939 ne
625 1918 679 1939 me
697 1906 842 1948 Crispini
857 1905 978 1937 scrinia
993 1902 1077 1945 lippi
1253 1913 1302 1932 τωο

281 1959 479 2000 compilasse
495 1964 602 2000 putes,
623 1959 760 1990 verbum
776 1967 845 1990 non
860 1955 1004 1999 amplius
1019 1953 1154 1986 addam.
