1426 2315
405 135 474 167 DE
501 134 637 166 ARTE
664 132 885 165 POETICA.

131 212 266 247 cederet
281 216 339 246 aut
354 215 474 256 quarta
489 211 668 245 socialiter.
718 209 774 242 hic
790 213 823 242 et
840 209 876 241 in
892 207 978 241 Acci

131 265 304 299 nobilibus
318 265 479 298 trimetris
494 268 635 308 apparet
650 274 754 302 rarus,
775 267 808 295 et
826 261 918 294 Enni

131 319 168 351 in
183 329 341 352 scaenam
357 318 477 350 missos
493 328 570 350 curn
587 327 711 359 magno
727 315 878 359 pondere
895 324 1009 347 versus

132 376 191 404 aut
206 381 331 414 operae
347 370 464 403 celeris
479 370 622 402 nimium
639 379 784 411 curaque
801 367 945 400 carentis

131 428 190 457 aut
206 424 380 467 ignoratae
395 423 519 467 premit
535 423 616 454 artis
631 421 771 454 crimine
787 420 888 463 turpi.

132 487 203 510 non
219 477 330 520 quivis
347 476 439 508 videt
455 475 668 508 inmodulata
684 478 844 517 poemata
859 472 972 511 iudex,

133 534 168 562 et
184 529 265 562 data
281 529 447 562 Romanis
464 528 562 561 venia
579 533 628 560 est
646 527 785 570 indigna
801 519 922 569 poetis.

133 582 303 615 idcircone
319 593 422 625 vager
437 581 648 624 scribamque
665 580 804 612 licenter
815 580 830 611 ?
852 589 895 610 an
910 577 1020 610 omnis

134 635 267 668 visuros
282 639 422 678 peccata
438 639 556 677 putem
572 644 659 672 mea,
680 638 771 665 tutus
788 636 821 664 ct
838 631 926 663 intra

135 698 232 731 spem
247 687 367 720 veniae
383 692 500 720 cautus
511 688 526 719 Ρ
549 686 653 718 vitavi
669 686 816 728 denique
833 685 979 726 culpam,

135 751 206 773 non
221 740 358 773 laudem
371 740 489 772 merui.
539 749 600 772 vos
616 738 822 780 exemplaria
840 737 971 769 Graeca

135 797 301 826 nocturna
316 798 447 826 versate
463 803 578 832 manu,
598 797 728 825 versate
745 791 876 823 diurna.

135 850 171 879 at
186 846 288 879 vestri
303 846 422 889 proavi
439 845 616 878 Plautinos
632 849 665 878 et
682 855 839 876 numeros
856 848 890 876 et

134 899 315 932 laudavere
331 898 417 932 sales
430 910 441 939 ς
464 898 607 930 nimium
619 898 787 941 patienter
801 902 992 939 utrumque,

134 963 179 985 ne
194 951 306 984 dicam
322 951 434 992 stulte,
454 951 575 991 mirati,
597 951 624 983 si
640 951 744 983 rnodo
761 961 824 993 ego
841 956 873 982 et
889 961 950 983 vos

137 1005 262 1038 scimus
277 1005 481 1037 inurbanum
497 1004 613 1047 lepido
630 1014 792 1046 seponere
808 1003 912 1042 dicto,

90 1092 96 1099 ,
137 1057 394 1100 legitimumque
411 1067 531 1089 sonum
547 1057 662 1099 digitis
678 1056 839 1088 callemus
856 1060 887 1087 et
905 1066 995 1087 aure.

139 1110 294 1153 ignotum
310 1109 458 1152 tragicae
474 1120 580 1152 genus
596 1109 763 1142 invenisse
779 1119 940 1141 camenae

137 1163 261 1196 dicitur
275 1167 308 1196 et
325 1163 482 1206 plaustris
500 1163 627 1195 vexisse
644 1167 802 1205 poemata
819 1161 976 1203 Thespis,

138 1227 225 1260 quae
241 1221 399 1249 canerent
414 1221 618 1258 agerentque
635 1214 789 1257 peruncti
805 1213 952 1246 faecibus
968 1224 1036 1245 ora.

139 1274 217 1312 post
232 1269 322 1302 hunc
337 1279 502 1312 personae
517 1269 695 1311 pallaeque
712 1272 862 1310 repertor
877 1266 1041 1299 honestae

141 1321 332 1364 Aeschylus
347 1326 381 1354 et
396 1321 540 1354 modicis
556 1321 708 1353 instravit
727 1320 857 1363 pulpita
873 1319 976 1362 tignis

142 1380 175 1407 et
192 1374 307 1407 docuit
322 1385 552 1417 magnumque
569 1374 661 1417 loqui
678 1373 808 1416 nitique
825 1373 1004 1405 cothurno.

142 1427 302 1460 successit
316 1432 414 1460 vetus
429 1427 482 1459 his
498 1427 686 1465 comoedia,
706 1436 773 1457 non
792 1425 862 1457 sine
879 1425 987 1457 multa

142 1481 243 1513 laude
257 1492 265 1512 z
288 1480 347 1512 sed
364 1479 400 1511 in
415 1479 534 1511 vitium
550 1479 688 1511 libertas
705 1478 830 1510 excidit
847 1483 880 1509 et
895 1478 966 1509 vim

142 1534 283 1577 dignam
299 1532 374 1575 lege
390 1532 460 1574 regi
479 1544 486 1563 :
509 1531 565 1564 lex
581 1535 630 1563 est
648 1536 798 1573 accepta,
819 1530 1008 1572 chorusque

142 1586 285 1630 turpiter
301 1584 442 1617 obticuit
460 1583 593 1617 sublato
611 1584 680 1616 iure
698 1583 853 1616 nocendi.

143 1639 193 1671 nil
209 1639 450 1681 intemptatum
467 1636 571 1668 nostri
590 1636 716 1678 liquere
733 1642 863 1678 poetae,

144 1702 207 1724 nec
222 1691 402 1723 minimum
419 1700 568 1722 meruere
585 1689 699 1727 dcem,
720 1688 861 1730 vestigia
878 1687 1008 1720 Graeca

145 1744 218 1777 ausi
234 1744 388 1777 deserere
403 1747 436 1775 et
454 1742 622 1774 celebrare
639 1741 824 1773 domestica
841 1740 938 1779 sacta,

145 1796 200 1830 vel
216 1797 273 1840 qui
290 1799 481 1839 praetextas
497 1794 549 1826 vel
567 1794 623 1836 qui
640 1794 784 1826 docuere
802 1798 942 1835 togatas.

145 1860 210 1882 nec
225 1849 348 1881 virtute
365 1848 449 1880 soret
466 1846 606 1880 clarisve
624 1846 794 1889 potentius
811 1845 913 1878 armis

146 1913 249 1945 quam
262 1901 377 1944 lingua
393 1900 540 1938 Latium,
561 1900 588 1931 si
606 1910 673 1931 non
690 1899 875 1931 offenderet
892 1909 996 1930 unum

147 1965 316 1999 quemque
331 1958 508 1998 poetarum
526 1952 625 1985 limae
643 1952 738 1985 labor
754 1957 786 1985 ct
804 1962 907 1984 mora.
954 1962 1025 1991 νος,
1045 1962 1067 1984 0

1109 133 1170 169 287

1120 320 1171 345 260

1124 857 1175 881 270

1126 1378 1179 1403 280

1134 1913 1185 1939 290
