1458 2315
127 132 204 174 xv.]
357 131 720 163 EPISTULARUM
742 131 888 162 LIBER
915 132 942 162 l.
1111 142 1170 170 249

129 209 249 250 credis,
268 219 414 242 amoena
429 213 528 242 vocat
544 219 678 242 mecum
693 208 752 251 qui
769 207 883 248 sentit,
899 210 932 241 et
949 207 1023 240 odit
1137 221 1172 239 20

125 273 213 306 quae
229 267 265 295 tu
278 262 394 306 pulcra
409 267 517 305 putas.
567 262 679 303 fornix
694 262 759 294 tibi
775 265 808 294 et
824 265 927 293 uncta
944 261 1074 304 popina

125 316 294 348 incutiunt
308 316 401 348 urbis
416 315 632 354 desiderium,
651 315 764 354 video,
784 318 817 347 et
830 314 924 357 quod

126 369 270 411 angulus
286 369 348 401 iste
365 368 447 401 seret
463 368 561 411 piper
576 373 608 401 et
622 372 675 400 tus
691 368 783 400 ocius
799 378 875 406 uva,

128 432 193 454 nec
208 420 318 454 vicina
335 422 449 454 subest
466 421 580 454 vinum
597 421 757 464 praebere
774 421 914 453 taberna

127 484 216 517 quae
230 474 337 516 possit
354 474 427 513 tibi,
447 485 510 506 nec
526 474 684 506 meretrix
702 473 850 512 tibicina,
872 472 966 505 cuius

127 527 172 559 ad
185 527 362 569 strepitum
378 527 476 559 salias
492 532 598 559 terrae
615 526 725 569 gravis
744 539 752 559 ε
776 531 809 559 et
825 531 938 558 tamen
955 534 1077 567 urgues

129 579 197 612 iam
213 579 345 622 pridem
361 590 430 612 non
447 584 539 612 taeta
555 579 727 622 ligonibus
744 589 832 617 arva,
854 579 1044 621 bovemque

127 632 332 664 disiunctum
349 643 445 665 curas
461 637 493 665 et
510 633 633 665 strictis
649 632 824 664 frondibus
841 631 956 674 exples
973 643 981 664 ε

127 685 224 717 addit
239 695 324 728 opus
340 685 438 728 pigro
454 685 554 724 rivus,
577 684 604 717 si
621 684 746 718 decidit
763 684 882 724 imber,

126 737 236 771 multa
250 738 341 770 mole
357 738 533 770 doeendus
549 737 666 780 aprico
682 747 819 780 parcere
835 741 943 779 prato.
1135 748 1172 776 30

127 800 217 822 nunc
232 801 306 833 age,
326 791 408 833 quid
425 794 577 822 nostrum
594 794 796 822 concentum
812 789 941 821 dividat
958 788 1048 820 audi.

127 853 230 886 quem
247 847 364 876 tenues
379 842 521 875 decuere
538 847 640 885 togae
656 842 823 885 nitidique
838 841 965 884 capilli,

126 906 230 939 quem
245 895 309 928 seis
324 895 510 928 immunem
528 895 675 928 Cinarae
691 895 858 938 placuisse
874 893 998 936 rapaci,

127 959 229 992 quem
244 948 400 981 bibulum
415 948 535 991 liquidi
552 948 665 981 media
681 949 725 980 de
742 948 815 980 luce
834 947 981 986 Falerni,

127 1011 212 1033 cena
226 1001 337 1033 brevis
353 1001 446 1033 iuvat
462 1006 494 1034 et
510 1011 616 1044 prope
632 1001 740 1033 rivum
758 1010 895 1034 somnus
912 1000 946 1031 in
963 998 1078 1032 herba.

109 1082 114 1086 .
128 1063 191 1086 nec
206 1053 325 1086 lusisse
341 1054 457 1099 pudet,
477 1054 536 1086 sed
553 1064 621 1085 non
639 1053 787 1086 incidere
804 1044 932 1084 ludum.

129 1116 198 1138 non
215 1105 289 1138 istic
306 1106 445 1148 obliquo
461 1105 560 1138 oculo
576 1117 653 1138 mea
669 1106 849 1137 commoda
866 1105 1043 1147 quisquam

128 1158 235 1198 limat,
255 1169 324 1190 non
340 1159 421 1190 odio
438 1158 581 1190 obscuro
594 1168 774 1200 morsuque
787 1162 932 1189 venenat
949 1169 956 1189 :

129 1211 239 1243 rident
255 1211 357 1243 vicini
373 1210 512 1253 glaebas
528 1216 560 1243 et
577 1221 656 1242 saxa
673 1214 881 1242 moventem.

129 1274 205 1295 cum
223 1264 326 1296 servis
343 1264 472 1295 urbana
487 1263 596 1295 diaria
611 1263 729 1295 rodere
747 1263 852 1295 mavis
862 1273 871 1301 3
1136 1278 1171 1302 40

128 1316 249 1349 horum
267 1321 301 1348 tu
320 1316 352 1347 in
369 1327 545 1348 numerum
562 1319 642 1348 voto
659 1316 726 1348 ruis
742 1329 749 1348 :
774 1316 901 1348 invidet
918 1325 1014 1348 usum

128 1369 298 1412 lignorum
315 1373 348 1402 et
360 1369 490 1412 pecoris
507 1369 567 1401 tibi
584 1369 659 1402 calo
675 1373 811 1414 argutus
827 1374 860 1402 et
878 1369 978 1402 horti.

127 1427 224 1465 optat
240 1422 403 1465 ephippia
417 1422 479 1454 bos
496 1422 600 1464 piger,
621 1426 715 1464 optat
732 1433 826 1454 arare
843 1422 1002 1455 caballus.

128 1486 231 1517 quam
248 1475 308 1508 scit
323 1480 472 1517 uterque,
494 1474 613 1514 libens,
632 1475 788 1514 censebo,
808 1481 962 1508 exerceat
979 1479 1097 1508 artem.

128 1683 207 1716 XV.
336 1682 438 1716 UAE
455 1682 496 1715 sit
513 1682 644 1727 hiemps
657 1684 786 1722 Veliae,
807 1683 896 1725 quod
912 1683 1050 1723 caelum,
1068 1682 1166 1723 Vala,

253 1762 323 1785 A
446 1735 587 1776 Salerni,

127 1799 271 1831 quorum
288 1788 464 1820 hominum
482 1789 575 1831 regio
591 1793 623 1821 et
640 1788 749 1831 qualis
767 1788 945 1820 via—nam
968 1788 1051 1822 mihi
1070 1789 1170 1822 Baias

128 1841 229 1874 Musa
245 1851 469 1883 supervacuas
487 1841 668 1881 Antonius,
692 1846 724 1873 et
743 1846 854 1873 tamen
873 1840 938 1873 illis

127 1904 182 1927 me
199 1894 279 1927 facit
296 1892 451 1933 invisum,
472 1894 584 1936 gelida
602 1906 676 1926 cum
696 1894 829 1936 perluor
845 1893 936 1926 unda

128 1956 190 1990 per
205 1946 354 1989 medium
372 1947 485 1989 frigus.
536 1958 616 1980 sane
633 1952 777 1980 murteta
794 1946 937 1990 relinqui

398 2015 441 2052 17
