1458 2315
91 158 213 200 XV111.]
325 161 688 192 EPISTULARUM
711 162 857 192 LIBER
883 163 911 193 I.

93 234 255 268 conticuit
273 234 355 277 lyra.
408 236 566 269 fraternis
583 237 723 270 cessisse
738 242 878 281 putatur

94 288 245 321 moribus
262 289 439 332 Amphion
458 302 466 322 τ
491 294 527 322 tu
545 291 628 323 cede
646 292 796 334 potentis
814 291 916 324 amici

92 341 225 374 lenibus
242 341 403 385 imperiis,
424 343 649 386 quotiensque
667 344 788 377 educet
807 345 842 376 in
859 356 959 387 agros

93 394 228 428 Aetolis
244 400 382 428 onerata
398 396 508 439 plagis
525 397 678 430 iumenta
694 409 874 441 canesque,

93 459 193 491 surge
209 452 242 481 et
258 448 463 482 inhumanae
479 450 609 482 senium
627 451 762 493 depone
780 452 963 492 Camenae,

93 512 194 534 cenes
210 505 246 533 ut
263 502 388 544 pariter
403 502 580 545 pulmenta
596 503 769 536 laboribus
787 509 902 547 empta
917 516 926 544 ς

97 554 265 587 Romanis
281 554 445 588 sollemne
461 556 542 589 viris
560 567 657 599 opus,
678 557 761 589 utile
780 557 891 590 famae

96 607 253 649 vitaeque
270 611 303 639 et
318 607 489 647 membris,
511 608 710 650 praesertim
729 619 806 640 cum
823 608 936 641 valeas
954 613 988 642 et

96 660 150 692 vel
167 671 265 692 cursu
283 671 438 703 superare
455 671 572 693 canem
589 661 643 693 vel
660 661 788 693 viribus
805 672 925 704 aprum

96 712 216 756 possis.
265 713 353 745 adde
370 713 479 745 virilia
495 713 587 756 quod
605 714 788 756 speciosius
805 725 900 746 arma

96 776 166 798 non
183 770 232 798 est
249 765 306 808 qui
324 770 442 798 tractet
460 778 467 798 :
493 766 557 798 scis
573 777 641 809 quo
658 766 806 799 clamore
823 777 969 799 coronae

97 819 226 862 proelia
243 819 407 852 sustineas
425 820 627 862 campestria
641 832 650 860 ;
675 820 824 862 denique
841 831 978 853 saevam

95 872 252 904 militiam
268 883 352 915 puer
368 878 401 905 et
419 873 624 905 Cantabrica
639 873 731 905 bella
750 873 857 906 tulisti

95 925 158 958 sub
174 926 270 965 duce,
291 926 348 968 qui
366 926 502 969 templis
520 926 723 958 Parthorum
741 927 836 969 signa
854 925 964 969 refigit

95 990 195 1019 nunc,
216 984 249 1012 et
265 980 376 1022 siquid
393 981 489 1012 abest
507 980 603 1012 Italis
620 980 792 1012 adiudicat
809 980 922 1013 armis.

87 1043 135 1073 ⁴ac
151 1043 194 1065 ne
211 1036 244 1065 te
260 1033 409 1065 retrahas
426 1037 458 1065 et
476 1033 713 1065 inexcusabilis
730 1034 829 1073 absis,

96 1085 251 1128 quamvis
267 1085 315 1117 nil
332 1090 425 1117 extra
441 1096 619 1118 numerum
636 1086 753 1118 fecisse
770 1086 979 1129 modumque

96 1149 202 1177 curas,
223 1138 392 1170 interdum
408 1139 544 1180 nugaris
561 1149 635 1170 rure
652 1144 794 1180 paterno
812 1151 820 1172 z

96 1192 241 1234 partitur
257 1190 365 1223 lintris
381 1192 546 1224 exercitus
563 1203 571 1229 ;
597 1191 699 1223 Actia
716 1202 832 1234 pugna

97 1249 131 1277 te
147 1245 233 1276 duce
249 1254 310 1287 per
325 1254 446 1286 pueros
462 1244 577 1276 hostili
594 1255 686 1276 more
703 1244 844 1276 refertur
858 1256 868 1284 ;

96 1297 306 1330 adversarius
323 1301 371 1329 cst
388 1296 498 1336 frater,
520 1297 611 1329 lacus
629 1297 772 1337 Hadria,
792 1298 902 1330 donec

96 1350 294 1383 alterutrum
311 1349 409 1382 velox
425 1350 577 1381 Victoria
595 1350 712 1382 fronde
729 1355 879 1383 coronet.

97 1403 288 1437 consentire
303 1402 371 1435 suis
388 1402 506 1434 studiis
523 1403 580 1445 qui
598 1403 778 1435 crediderit
795 1408 837 1442 te,

94 1457 206 1490 fautor
222 1461 363 1498 utroque
379 1459 474 1487 tuum
490 1455 643 1487 laudabit
660 1456 784 1498 pollice
801 1456 928 1488 ludum.

95 1511 250 1553 protinus
266 1513 303 1541 ut
320 1519 488 1547 moneam,
509 1508 620 1551 siquid
638 1509 814 1541 monitoris
831 1520 909 1551 eges
927 1514 972 1549 tu,

94 1563 178 1605 quid
194 1563 237 1595 de
253 1572 388 1605 quoque
405 1561 477 1593 viro
494 1566 527 1594 et
544 1561 596 1593 cui
614 1561 705 1594 dicas
723 1572 822 1604 saepe
841 1562 966 1594 videto.

95 1620 369 1658 percontatorem
387 1613 495 1656 fugito
512 1626 519 1646 :
543 1624 622 1645 nam
641 1614 794 1656 garrulus
811 1615 901 1646 idem
919 1619 978 1654 est,

94 1677 158 1699 nec
174 1667 320 1699 retinent
337 1665 472 1708 patulae
489 1664 668 1697 commissa
687 1664 830 1697 fideliter
845 1676 952 1705 aures,

93 1723 127 1751 et
143 1718 246 1751 semel
264 1719 424 1751 emissum
442 1717 534 1750 volat
552 1717 771 1749 irrevocabile
790 1718 941 1750 verbum.

95 1782 164 1804 non
182 1772 305 1804 ancilla
321 1776 416 1804 tuum
435 1771 526 1803 iecur
543 1770 667 1803 ulceret
685 1770 754 1802 ulla
771 1781 895 1813 puerve

94 1824 183 1856 intra
198 1836 425 1857 marmoreum
445 1824 626 1856 venerandi
645 1824 748 1856 limen
765 1824 864 1856 amici
878 1835 888 1863 ;

94 1888 138 1910 ne
154 1877 312 1910 dominus
329 1878 423 1920 pueri
443 1877 550 1920 pulcri
569 1887 707 1909 caraeve
724 1877 858 1919 puellae

94 1941 234 1963 munere
251 1935 283 1963 te
300 1941 405 1973 parvo
422 1930 499 1962 beet
516 1934 574 1961 aut
592 1929 828 1963 incommodus
845 1935 957 1973 angat.

1082 170 1144 200 257

1110 623 1144 649 50

1104 1148 1139 1174 60

1101 1681 1134 1707 70

95 1983 231 2026 qualem
247 1983 463 2016 commendes
478 1982 580 2016 etiam
598 1986 699 2025 atque
717 1982 818 2015 etiam
836 1984 983 2027 adspice,
999 1995 1040 2017 ne
1054 1995 1133 2016 mox
