1458 2315
98 164 167 206 VL]
356 165 658 197 SATJRARUM
679 165 825 196 LIBER
852 166 879 197 l.
1078 167 1134 196 181

101 240 196 285 atqui
212 240 240 273 si
257 240 346 273 vitiis
362 240 590 274 mediocribus
606 251 646 273 ac
662 251 739 273 mea
755 241 872 284 paucis

101 293 266 326 mendosa
280 298 331 326 est
347 299 476 332 natura,
495 293 622 336 alioqui
638 298 739 333 recta,
759 293 851 326 velut
868 293 896 326 si

100 346 236 388 egregio
253 346 421 389 inspersos
438 345 620 389 reprendas
636 357 777 389 corpore
793 357 929 386 naevos,

100 398 129 431 si
144 409 254 441 neque
271 399 446 431 avaritiam
463 409 572 441 neque
588 398 695 431 sordis
712 409 774 431 nec
791 399 881 431 mala
896 400 1002 431 lustra

99 451 225 484 obiciet
241 462 319 484 vere
335 451 514 495 quisquam
531 451 627 490 mihi,
647 462 751 494 purus
766 456 799 484 et
815 451 940 491 insons,

101 508 138 536 ut
154 514 208 536 me
224 503 428 543 collaudem,
448 504 475 536 si
493 509 526 536 et
542 504 621 535 vivo
638 514 733 536 carus
750 504 878 544 amicis,
1103 520 1136 545 70

99 567 202 588 causa
217 556 278 588 fuit
294 561 391 599 pater
406 556 470 596 his,
491 556 549 599 qui
567 567 680 588 macro
697 567 828 599 pauper
844 557 955 599 agello

100 609 209 641 noluit
226 609 262 641 in
278 609 377 641 Flavi
394 609 512 641 ludum
527 620 583 641 me
599 609 744 648 mittere,
765 610 880 652 magni

99 671 168 704 quo
183 661 280 704 pueri
294 661 426 704 magnis
443 673 462 694 e
476 661 729 694 centurionibus
746 663 823 701 orti,

99 713 197 746 laevo
213 714 366 756 suspensi
380 713 509 747 loculos
525 714 745 757 tabulamque
760 714 897 754 lacerto,

99 766 194 798 ibant
211 767 341 799 octonis
357 766 537 799 referentes
552 767 670 799 Idibus
687 777 765 799 aera
781 779 791 807 ;

99 819 160 851 sed
177 830 320 862 puerum
335 824 386 852 est
401 830 502 851 ausus
520 820 667 852 Romam
685 825 830 862 portare,
851 820 1045 854 docendum

97 872 180 904 artis
195 882 279 916 quas
295 872 416 904 doceat
432 872 542 915 quivis
559 883 662 914 eques
679 878 781 915 atque
798 879 933 905 senator

98 930 205 957 semet
221 929 414 967 prognatos.
466 930 594 957 vestem
611 936 792 968 servosque
809 927 990 969 sequentis,

99 976 134 1009 in
150 987 274 1020 magno
291 982 328 1009 ut
344 977 485 1020 populo,
505 977 593 1020 siqui
609 977 760 1016 vidisset,
782 978 873 1010 avita

98 1040 140 1062 ex
156 1041 192 1062 re
208 1029 362 1072 praeberi
379 1035 532 1072 sumptus
548 1030 632 1062 mihi
649 1031 799 1063 crederet
817 1031 903 1064 illos.
1100 1040 1136 1065 80

85 1082 172 1125 ·ipse
189 1081 273 1114 mihi
290 1087 404 1115 custos
420 1082 730 1125 incorruptissimus
747 1084 857 1116 omnis

98 1135 226 1167 circum
242 1135 398 1167 doctores
414 1135 540 1168 aderat.
590 1135 673 1178 quid
689 1135 822 1168 multa?
845 1137 1018 1179 pudicum,

99 1187 157 1230 qui
174 1187 302 1230 primus
317 1180 449 1219 virtutis
465 1187 584 1226 honos,
605 1188 749 1219 servavit
766 1187 810 1219 ab
827 1188 920 1220 omni

98 1249 167 1271 non
184 1239 294 1271 solum
310 1238 411 1278 facto,
431 1249 547 1271 verum
565 1239 749 1282 opprobrio
767 1250 902 1283 quoque
918 1241 1007 1284 turpi
1024 1254 1031 1274 ε

98 1302 162 1324 nec
177 1292 301 1331 timuit,
321 1292 385 1323 sibi
403 1302 446 1324 ne
464 1291 546 1324 vitio
562 1292 636 1334 quis
652 1297 807 1331 verteret,
827 1292 910 1325 olim

97 1344 126 1376 si
143 1354 267 1386 praeco
283 1354 404 1386 parvas
420 1348 488 1382 aut,
508 1349 544 1375 ut
561 1344 623 1376 suit
640 1344 723 1387 ipse,
744 1350 881 1377 coactor

98 1397 270 1430 mercedes
282 1407 440 1440 sequerer
454 1408 465 1437 ς
495 1407 605 1440 neque
621 1407 684 1440 ego
700 1407 806 1430 essem
825 1402 962 1440 questus
979 1411 986 1431 :
1018 1405 1051 1432 at
1064 1400 1130 1433 hoe

232 1460 323 1482 nunc

98 1501 172 1534 laus
188 1502 238 1534 illi
254 1502 398 1534 debetur
414 1506 448 1534 et
464 1513 484 1534 a
500 1512 555 1534 me
571 1501 680 1545 gratia
696 1502 814 1535 maior.

97 1555 147 1587 nil
162 1565 217 1587 me
233 1555 405 1598 paeniteat
422 1565 542 1587 sanum
560 1555 664 1597 patris
680 1554 779 1587 huius
795 1568 805 1595 ;
830 1566 938 1599 eoque

96 1618 177 1647 non,
197 1614 234 1640 ut
250 1618 375 1650 magna
389 1607 471 1639 dolo
489 1607 613 1640 factum
630 1613 730 1649 negat
747 1618 819 1641 esse
835 1619 896 1641 suo
913 1620 991 1652 pars
1099 1627 1134 1652 90

96 1660 190 1703 quod
206 1671 276 1692 non
293 1660 458 1703 ingenuos
473 1660 598 1692 habeat
616 1660 790 1703 clarosque
808 1662 967 1704 parentis,
998 1701 1001 1703 ,

96 1712 145 1744 sic
160 1723 215 1745 me
232 1713 423 1746 defendam.
475 1713 576 1755 longe
593 1724 668 1745 mea
685 1713 851 1756 discrepat
868 1714 940 1747 istis

96 1769 130 1797 et
145 1775 212 1797 vox
227 1770 260 1798 et
277 1766 373 1798 ratio.
423 1776 505 1798 nam
521 1766 548 1798 si
566 1771 683 1798 natura
700 1766 829 1798 iuberet

96 1827 118 1850 a
133 1817 233 1851 certis
248 1818 346 1850 annis
363 1829 485 1850 aevum
502 1829 651 1851 remeare
669 1825 854 1861 peractum,

96 1874 197 1913 atque
213 1870 299 1903 alios
314 1871 427 1913 legere
444 1871 486 1902 ad
504 1871 624 1903 fastum
644 1882 875 1914 quoscumque
892 1874 1051 1915 parentis,

95 1926 228 1964 optaret
245 1922 310 1954 sibi
327 1923 480 1966 quisque,
501 1923 586 1955 meis
603 1929 782 1956 contentus
799 1924 959 1957 honestos

97 1972 243 2007 fascibus
259 1979 293 2007 et
309 1974 401 2007 sellis
418 1974 546 2007 nollem
563 1975 646 2007 mihi
664 1985 805 2016 sumere,
826 1976 966 2009 demens
