1410 2283
254 151 313 190 258
526 150 562 189 Q.
595 148 727 180 HORA
737 147 785 179 TI
810 147 982 180 FLACC!
1163 143 1280 186 [xvm.

259 224 421 257 incutiant
440 224 550 256 aliena
567 223 627 256 tibi
645 227 782 267 peccata
799 222 976 266 pudorem.

256 277 402 310 fallimur
419 283 449 309 et
467 276 638 319 quondam
656 286 723 308 non
740 276 880 318 dignum
897 273 1061 308 tradimus
1077 284 1086 306 ε
1115 282 1198 317 ergo

259 340 358 372 quem
377 340 434 361 sua
451 329 550 371 culpa
567 334 706 371 premet,
726 327 887 370 deceptus
903 325 1022 359 omitte
1038 324 1134 366 tueri,

259 388 293 413 ut
315 381 445 423 penitus
462 387 590 419 notum,
611 381 636 413 si
655 386 818 423 temptent
834 379 987 419 crimina,
1006 388 1118 412 serves
1254 382 1289 410 8ο

260 434 441 475 tuterisque
459 439 516 465 tuo
534 432 692 465 sidentem
710 432 877 475 praesidio
895 444 902 465 :
925 431 984 475 qui

256 486 356 518 dente
372 486 551 518 Theonino
566 495 642 518 cum
660 485 922 523 circumroditur,
943 482 1065 526 ecquid

257 539 299 571 ad
317 545 348 571 tc
366 544 439 581 post
457 537 558 580 paulo
574 543 713 570 ventura
730 536 879 580 pericula
894 536 1023 570 sentis?

258 602 336 623 nam
354 597 409 623 tua
426 602 476 622 res
492 590 611 632 agitur,
633 590 742 632 paries
758 600 834 622 cum
851 589 1022 632 proximus
1038 586 1144 627 ardet,

258 650 290 676 ct
309 643 461 686 neglecta
476 643 584 674 solent
603 642 758 674 incendia
774 652 904 675 sumere
920 640 1016 674 virae.

258 696 366 728 dulcis
383 695 562 738 inexpertis
579 695 707 727 cultura
725 695 871 737 potentis
887 693 987 726 amici
1003 705 1012 726 z

258 755 413 790 expertus
430 748 557 780 metuit.
605 752 651 785 tu,
671 747 752 778 ‹lum
771 751 827 779 tua
844 746 939 779 navis
956 745 991 778 in
1006 743 1078 777 alto
1093 747 1154 784 est,

258 802 322 834 hoc
339 812 411 843 age,
433 812 474 833 ne
491 806 618 832 mutata
637 805 815 832 retrorsum
833 804 866 832 te
882 799 965 832 serat
982 808 1072 831 aura.

261 854 403 886 oderunt
423 853 560 884 hilarem
580 852 689 884 tristes
707 851 902 894 tristemque
920 850 1035 890 iocosi,

258 907 409 939 sedatum
428 904 562 943 celeres,
583 904 705 945 agilem
724 914 913 946 navumque
930 901 1071 942 remissi,
1255 913 1291 940 90

259 965 394 1002 potores
411 957 516 989 bibuli
535 957 646 989 media
663 957 705 989 de
722 961 820 989 nocte
839 955 972 988 Falerni

259 1011 399 1044 oderunt
418 1016 570 1052 porrecta
588 1014 767 1050 negantem
785 1007 916 1050 pocula,
935 1005 1090 1051 quamvis

260 1070 440 1096 nocturnos
458 1063 544 1094 iures
563 1066 594 1094 tc
614 1061 791 1093 formidare
810 1066 952 1104 tepores.

259 1117 358 1149 deme
374 1115 552 1158 supercilio
571 1114 693 1146 nubem
710 1126 717 1146 ε
743 1113 940 1157 plerumque
957 1109 1130 1145 modestus

261 1173 401 1211 occupat
419 1167 549 1200 obscuri
569 1166 726 1209 speciem,
749 1166 932 1198 taciturnus
949 1163 1073 1197 acerbi.

262 1221 346 1254 inter
362 1226 481 1254 cuncta
498 1219 589 1262 leges
606 1225 638 1251 et
656 1218 899 1261 percontabere
915 1217 1045 1255 doctos,

261 1285 327 1317 qua
344 1274 473 1305 ratione
490 1283 593 1315 queas
611 1272 784 1304 traducere
801 1271 922 1304 leniter
937 1279 1068 1307 aevum,

262 1337 343 1358 num
359 1332 391 1358 te
408 1336 540 1367 semper
557 1324 653 1367 inops
671 1324 776 1366 agitet
792 1327 957 1365 vexetque
973 1319 1107 1365 cupido,

263 1389 342 1410 num
359 1389 463 1421 pavor
479 1383 511 1410 et
529 1387 637 1409 rerum
656 1375 869 1408 mediocriter
885 1374 1018 1406 utilium
1032 1383 1120 1416 spes,

264 1431 419 1463 virtutem
435 1429 588 1462 doctrina
605 1434 699 1471 paret
717 1433 878 1460 naturane
895 1426 1010 1466 donet,
1246 1437 1297 1456 ιοο

264 1483 345 1526 quid
362 1483 491 1514 minuat
508 1492 615 1519 curas,
637 1481 719 1523 quid
737 1485 770 1513 te
787 1479 850 1513 tibi
867 1479 986 1512 reddat
1002 1477 1160 1516 amicum,

265 1536 343 1579 quid
361 1546 442 1578 pure
459 1534 666 1577 tranquillet,
687 1533 795 1565 honos
813 1543 856 1564 an
873 1531 971 1564 dulce
988 1529 1147 1564 lucellum

265 1599 308 1620 an
324 1592 488 1621 secretum
505 1587 567 1619 iter
583 1591 615 1618 et
634 1585 778 1618 fallentis
796 1584 917 1618 semita
931 1583 1033 1617 vitae.

266 1652 320 1673 me
336 1641 490 1684 quotiens
507 1639 612 1672 reficit
630 1638 761 1681 gelidus
781 1636 942 1679 Digentia
958 1637 1060 1678 rivus,

265 1704 366 1736 quem
383 1692 545 1725 Mandela
560 1691 658 1730 bibit,
678 1700 818 1733 rugosus
834 1689 957 1732 frigore
974 1701 1093 1734 pagus,

266 1746 346 1788 quid
363 1745 484 1778 sentire
501 1750 609 1787 putas,
631 1742 712 1785 quid
729 1741 848 1781 credis,
871 1741 990 1782 amice,
1010 1741 1165 1786 precari?

266 1798 308 1830 sit
325 1797 407 1829 mihi
424 1796 514 1839 quod
531 1805 619 1828 nunc
636 1799 696 1833 est,
719 1793 821 1826 etiam
839 1793 963 1834 minus,
982 1799 1017 1828 et
1031 1794 1117 1828 mihi
1131 1793 1244 1827 vivam

267 1850 358 1892 quod
373 1852 521 1891 superest
538 1847 621 1886 aevi,
645 1845 756 1889 siquid
774 1855 947 1888 superesse
962 1846 1081 1880 volunt
1095 1846 1155 1880 di:

267 1902 309 1934 sit
322 1902 413 1933 bona
427 1900 590 1932 librorum
607 1904 639 1931 et
657 1897 811 1941 provisae
829 1897 932 1942 smgis
946 1898 983 1931 in
999 1908 1126 1931 annum

267 1954 372 1997 copia,
393 1963 458 1985 neu
476 1951 604 1984 fluitem
622 1950 745 1983 dubiae
763 1960 823 1993 spe
838 1949 1005 1994 pendulus
1018 1949 1131 1982 horae.

1250 1961 1303 1981 1²0
1341 1978 1347 1983 ,
