1458 2315
69 133 191 176 xxxx]

321 134 600 166 CARMJNUM
622 134 768 164 LIBER
796 134 864 164 III.

249 221 457 254 componere
473 222 602 255 aequus
618 222 626 244 ι
651 216 764 244 cetera
779 209 930 243 fluminis

249 265 315 298 ritu
333 265 496 303 seruntur,
514 276 604 298 nunc
621 264 736 297 medio
753 263 852 296 alveo

293 329 373 352 cum
389 330 473 362 pace
491 319 683 351 delabentis
702 318 885 350 Etruscum

339 372 375 404 in
391 383 495 412 mare,
516 383 606 405 nunc
623 371 756 415 lapides
774 371 896 404 adesos

248 467 437 511 stirpesque
455 473 569 511 raptas
587 472 620 501 et
637 478 741 511 pecus
759 472 791 500 et
809 467 933 499 domos

247 521 418 554 volventis
434 532 513 561 una,
534 532 605 554 non
622 522 696 554 sine
712 521 884 553 montium

293 574 444 607 clamore
461 574 662 617 vicinaeque
680 573 797 613 silvae,

337 638 416 661 cum
433 627 503 661 fera
519 627 665 660 diluvies
682 627 817 670 quietos

247 731 355 764 irritat
372 731 493 766 amnis.
545 731 602 764 ille
619 735 743 774 potens
761 730 813 763 sui

247 785 426 829 laetusque
442 785 555 828 deget,
576 785 631 818 cui
648 785 729 818 licet
750 784 785 816 in
802 784 896 817 diem

292 838 420 872 dixisse
440 839 449 855 ⁴
463 839 533 871 vixi
550 850 558 871 τ
585 849 659 871 cras
676 837 731 871 vel
748 843 822 871 atra

339 892 431 926 nube
448 892 568 936 polum
587 893 689 925 Pater
706 897 876 936 occupato

246 997 302 1030 vel
318 997 389 1031 sole
406 1009 492 1041 puro
505 1009 516 1038 3
540 1003 741 1031 nontamen
757 997 891 1030 irritum

246 1051 488 1095 quodcumque
504 1056 596 1085 retro
613 1057 664 1085 est
681 1051 815 1090 efficiet,
835 1061 947 1095 neque

290 1105 446 1148 diffinget
462 1105 700 1148 infectumque
718 1105 839 1138 reddet

339 1159 432 1202 quod
450 1158 584 1202 fugiens
601 1158 706 1192 semel
722 1158 808 1192 hora
824 1158 925 1191 vexit.

248 1263 402 1296 Fortuna
418 1274 520 1296 saevo
536 1262 627 1296 laeta
644 1263 784 1306 negotio
801 1268 836 1296 et

248 1315 369 1349 ludum
386 1316 594 1349 insolentum
611 1316 728 1349 ludere
744 1316 901 1359 pertinax

293 1374 500 1403 transmutat
517 1369 665 1402 incertos
682 1369 840 1409 honores,

338 1434 429 1456 nunc
445 1423 541 1464 mihi,
562 1433 652 1456 nunc
670 1423 728 1455 alii
744 1422 905 1466 benigna.

248 1527 354 1561 laudo
371 1532 590 1560 manentem:
617 1527 644 1560 si
658 1527 785 1560 celeres
803 1527 915 1571 quatit

246 1592 389 1625 pennas,
410 1581 546 1623 resigno
562 1591 651 1624 quae
667 1581 764 1614 dedit
780 1586 814 1614 et
829 1592 907 1614 mea

292 1635 419 1668 virtute
435 1646 490 1667 me
507 1635 646 1667 involvo
663 1635 877 1678 probamque

334 1688 537 1733 pauperiem
554 1688 627 1721 sine
645 1688 727 1721 dote
744 1698 884 1731 quaero.

243 1803 314 1826 non
330 1797 381 1826 est
397 1804 522 1833 meum,
545 1793 573 1826 si
589 1792 720 1835 mugiat
738 1792 866 1826 Africis

241 1849 353 1882 malus
369 1849 539 1892 procellis,
561 1849 605 1881 ad
623 1849 763 1881 miseras
779 1860 898 1892 preces

287 1903 467 1936 decurrere
483 1908 517 1936 et
534 1903 622 1935 votis
639 1903 777 1946 pacisci,

332 1967 376 1989 ne
393 1956 542 2000 Cypriae
558 1956 751 2000 Tyriaeque
768 1967 897 1990 merces

1064 142 1120 164 101

1089 642 1125 665 40

1086 1331 1121 1356 50
