1410 2283
267 149 308 180 60
556 148 591 186 Q.
625 146 755 177 HORA
765 146 815 176 TI
837 144 1009 177 FLACCI
1174 142 1290 186 [xvm.

443 221 566 254 limites
581 221 752 254 clientium

400 273 478 307 salis
494 285 612 306 avarus
623 275 638 306 ?
661 273 797 316 pellitur
814 277 972 316 paternos

445 326 479 358 in
496 327 568 358 sinu
586 326 692 359 serens
708 326 790 358 deos

401 382 433 411 et
451 389 532 411 uxor
547 383 579 411 ct
598 378 646 410 vir
662 378 881 421 sordidosque
898 381 1010 410 natos.

446 506 537 538 nulla
554 506 674 538 certior
690 510 802 538 tamen

403 559 532 602 rapacis
549 559 628 592 Orci
645 558 724 591 sede
740 557 908 590 destinata
1267 569 1301 595 30

447 612 525 644 aula
541 611 679 643 divitem
696 615 809 642 manet

404 674 506 696 erum.
552 663 632 706 quid
650 663 736 695 ultra
752 661 889 694 tendis?
911 671 1019 704 aequa
1035 659 1134 694 tellus

450 790 589 833 pauperi
606 789 786 822 recluditur

406 853 586 886 regumque
604 842 725 885 pueris,
746 851 808 874 nec
825 839 957 873 satelles
975 839 1056 874 Orci

451 895 611 928 callidum
630 893 829 926 Promethea

409 947 533 980 revexit
551 957 631 979 auro
649 951 776 988 captus.
825 945 880 978 hic
897 943 1080 987 superbum

452 1074 634 1115 Tantalum
652 1078 752 1116 atque
769 1072 905 1105 Tantali

409 1137 513 1170 genus
530 1131 659 1159 coercet
675 1138 684 1165 ;
708 1126 763 1158 hic
780 1125 890 1158 levare
907 1124 1058 1157 sunctum

456 1189 638 1222 pauperem
654 1178 827 1210 laboribus

411 1237 549 1264 vocatus
564 1236 666 1274 atque
682 1240 750 1262 non
766 1233 905 1262 vocatus
920 1227 1025 1261 audit·
1274 1241 1310 1265 40

282 1504 386 1538 XIX.
499 1502 712 1537 ACCHUM
731 1502 766 1535 in
781 1501 918 1535 remotis
933 1501 1082 1535 carmina
1098 1499 1238 1544 rupibus

520 1556 590 1589 vidi
606 1554 953 1588 docentem—credite
970 1554 1141 1598 posteri—

460 1609 704 1651 Nymphasque
720 1607 878 1640 discentis
895 1611 927 1640 et
944 1607 1033 1639 auris

504 1660 722 1703 capripedum
741 1659 936 1700 Satyrorum
952 1662 1077 1691 acutas.

418 1771 534 1810 euhoe,
554 1770 679 1804 recenti
699 1781 792 1802 mens
809 1769 955 1812 trepidat
970 1771 1074 1807 metu,

418 1823 586 1866 plenoque
603 1823 726 1856 Bacchi
743 1827 878 1865 pectore
895 1820 1068 1854 turbidum

463 1875 613 1908 laetatur.
663 1875 781 1914 euhoe,
801 1884 901 1917 parce
917 1873 1031 1912 Liber,

507 1937 606 1969 parce
622 1928 714 1970 gravi
730 1925 909 1960 metuende
925 1925 1060 1967 thyrso!
