1458 2315
110 135 152 178 1.]
355 137 414 167 SA
424 135 656 166 TJRARUM
677 136 823 166 LIBER
850 136 897 167 ll.
1091 146 1149 177 193

114 213 313 257 Scipiadam
327 217 365 246 ut
380 212 514 256 sapiens
530 210 708 245 Lucilius.'
753 212 846 244 haud
862 212 946 244 mihi
963 212 1064 245 deero

112 278 191 301 cum
202 277 254 300 res
270 267 344 310 ipsa
357 266 459 298 feret:
478 265 543 298 nisi
558 265 677 298 dextro
693 269 846 308 tempore
864 265 981 298 Flacci

111 320 217 354 verba
231 331 292 363 per
308 324 473 352 attentam
488 329 558 350 non
574 318 671 350 ibunt
688 319 844 351 Caesaris
860 329 987 358 aurem,

112 373 167 406 cui
182 373 271 405 male
287 373 316 405 si
333 372 481 415 palpere,
503 371 691 404 recalcitrat
707 371 857 414 undique
873 376 974 404 tutus.
1115 386 1149 403 20

117 428 126 443 ‘
137 431 265 469 quanto
281 425 404 458 rectius
419 425 485 456 hoc
501 435 604 467 quam
620 424 706 456 tristi
721 424 854 456 laedere
872 435 969 456 versu

113 479 342 512 Pantolabum
358 488 508 510 scurram
524 477 558 509 N
562 482 825 509 omentanumve
840 482 1013 519 nepotem,

114 543 192 565 cum
207 531 271 564 sibi
287 531 430 574 quisque
447 530 554 571 timet,
575 540 782 573 quamquam
799 534 849 562 est
866 529 1021 570 intactus,
1041 533 1076 563 et

246 582 345 617 odit.'

114 637 195 680 quid
212 636 361 669 faciam?
375 636 476 669 saltat
492 635 667 675 Milonius,
688 640 725 668 ut
742 635 845 668 semel
863 635 932 668 icto

112 690 252 723 accessit
269 689 379 722 fervor
394 689 497 732 capiti
514 699 738 731 numerusque
755 688 900 720 lucernis
913 699 924 728 3

114 742 236 774 Castor
250 742 375 787 gaudet
390 741 496 784 equis,
516 752 582 774 ovo
597 745 781 784 prognatus
798 741 919 773 eodem

113 795 236 838 pugnis
252 807 260 827 ι
285 799 368 837 quot
383 794 535 836 capitum
550 793 678 832 vivunt,
699 793 842 825 totidem
859 793 1048 826 studiorum

112 847 217 880 milia.
266 857 322 879 me
338 847 482 889 pedibus
497 845 643 878 delectat
659 845 816 878 claudere
832 846 935 878 verba

113 900 224 933 Lucili
239 900 316 939 ritu,
336 904 488 932 nostrum
503 899 653 932 melioris
670 904 823 942 utroque.

112 953 170 986 ille
186 953 278 986 velut
294 953 371 985 fidis
387 963 509 985 arcana
525 952 698 985 sodalibus
715 952 799 984 olim
1113 970 1148 993 30

112 1006 272 1039 credebat
288 1005 392 1045 libris,
412 1016 522 1048 neque
539 1005 567 1037 si
582 1004 670 1038 male
687 1009 831 1037 cesserat
848 1016 990 1047 usquam

60 1104 63 1107 Ι
110 1059 294 1092 decurrens
310 1058 378 1090 alio
394 1069 504 1101 neque
521 1058 548 1090 si
564 1058 652 1090 bene
670 1070 677 1089 :
701 1069 769 1100 quo
788 1057 825 1090 fit
841 1063 879 1090 ut
895 1059 1005 1091 omnis

113 1112 228 1144 votiva
242 1115 356 1154 pateat
372 1111 477 1143 veluti
493 1110 662 1153 descripta
679 1110 805 1142 tabella

114 1165 185 1196 vita
201 1164 299 1196 senis.
357 1159 479 1206 sequor
493 1163 594 1202 hunc,
616 1163 774 1195 Lucanus
790 1173 834 1194 an
852 1162 984 1205 Apulus
1001 1174 1124 1207 anceps
1140 1176 1149 1197 ι

116 1227 196 1249 nam
212 1215 406 1248 Venusinus
422 1220 494 1247 arat
512 1214 614 1246 finem
632 1215 693 1247 sub
708 1219 887 1257 utrumque
904 1215 1055 1255 colonus,

115 1269 237 1301 missus
253 1268 296 1300 ad
314 1268 379 1300 hoc
395 1267 511 1310 pulsis,
531 1271 627 1299 vetus
640 1271 689 1299 est
707 1272 743 1298 ut
760 1266 861 1305 sama,
885 1267 1040 1307 Sabellis,

115 1332 184 1365 quo
200 1332 242 1354 ne
258 1331 318 1364 per
333 1331 477 1352 vacuum
495 1319 654 1351 Romano
671 1319 853 1351 incurreret
870 1318 988 1359 hostis,

117 1375 187 1408 sive
203 1373 295 1418 quod
311 1373 426 1416 Apula
441 1383 524 1414 gens
540 1383 597 1404 seu
615 1371 706 1414 quod
723 1371 874 1404 Lucania
893 1371 1021 1405 bellum

114 1428 280 1460 incuteret
295 1425 454 1457 violenta.
506 1424 565 1456 sed
581 1424 636 1456 hic
653 1424 748 1456 stilus
765 1423 854 1455 haud
872 1429 965 1466 petet
982 1425 1070 1458 ultro

114 1489 321 1522 quemquam
337 1478 545 1510 animantem
559 1481 592 1508 et
606 1486 659 1508 me
677 1475 780 1508 veluti
796 1476 962 1509 custodiet
976 1478 1064 1510 ensis
1114 1494 1148 1518 40

115 1532 238 1575 vagina
254 1536 362 1564 tectus
380 1543 387 1562 ι
412 1540 514 1572 quem
530 1539 589 1561 cur
605 1529 811 1571 destringere
828 1539 930 1561 coner

113 1590 204 1617 tutus
220 1585 264 1616 ab
281 1582 409 1615 infestis
426 1581 632 1614 latronibus?
655 1592 676 1613 o
692 1587 788 1623 pater
803 1586 835 1613 ct
852 1592 908 1613 rex

115 1636 278 1680 Iuppiter,
300 1641 336 1668 ut
355 1640 471 1678 pereat
488 1634 636 1676 positum
654 1633 806 1675 robigine
825 1632 938 1672 telum,

113 1700 176 1722 nec
192 1689 370 1733 quisquam
387 1693 506 1720 noceat
524 1686 647 1728 cupido
661 1685 743 1717 mihi
760 1686 852 1728 pacis
871 1688 878 1717 !
903 1692 936 1717 at
955 1686 1010 1718 ille

112 1742 170 1785 qui
187 1753 243 1774 me
260 1739 604 1774 commorit—melius
621 1750 688 1770 non
705 1744 840 1780 tangere
858 1741 864 1770 Ξ
890 1738 1046 1771 clamo—

113 1794 208 1827 flebit
223 1799 258 1827 et
273 1793 413 1836 insignis
430 1797 500 1825 tota
517 1792 709 1824 cantabitur
725 1792 816 1823 urbe.

114 1847 256 1880 Cervius
271 1847 374 1879 iratus
391 1845 482 1888 leges
499 1845 673 1876 minitatur
690 1850 721 1876 et
740 1855 867 1883 urnam,

114 1899 259 1932 Canidia
275 1899 400 1932 Albuci
417 1898 539 1940 quibus
556 1902 606 1929 est
624 1897 759 1929 inimica
777 1908 953 1936 vencnum,

111 1953 241 1997 grande
257 1952 384 1985 malum
401 1951 535 1990 Tui-im,
557 1950 667 1993 siquid
686 1961 720 1983 sc
738 1950 846 1982 iudice
864 1957 969 1983 certes
985 1962 992 1982 ε

18 2145 154 2315 a„
