1410 2283
266 146 326 176 290
559 137 594 175 Q.
626 135 815 167 HORATI
832 134 1003 167 FLACC!

268 211 424 254 indignor
439 211 640 254 quandoque
656 211 764 244 bonus
780 210 940 243 dormitat
956 210 1138 243 Homerus,

267 275 381 296 verum
399 264 491 306 operi
510 263 612 306 longo
628 263 676 296 sas
693 268 741 296 est
758 263 920 305 obrepere
936 272 1103 295 somnum.
1241 267 1293 301 360

267 322 303 348 ut
320 317 448 359 pictura
465 317 575 358 poesis
591 329 598 348 :
622 316 683 348 erit
700 326 797 358 quae,
816 315 844 347 si
861 314 997 358 propius
1013 319 1090 355 stes,

268 374 300 400 te
317 368 425 411 capiat
443 369 559 410 magis,
577 374 607 400 et
626 368 802 410 quaedam,
822 368 849 399 si
867 367 999 409 longius
1015 367 1148 404 abstes;

267 421 349 452 haec
366 426 455 453 amat
472 422 661 459 obscurum,
682 420 771 452 volet
788 420 869 452 haec
885 420 948 452 sub
963 419 1037 452 luce
1053 419 1171 459 videri,

268 473 386 504 iudicis
403 478 555 515 argutum
572 484 658 515 quae
677 483 744 504 non
762 472 920 504 formidat
937 481 1077 504 acumen
1093 481 1103 510 ;

268 525 349 557 haec
366 525 490 568 placuit
509 525 620 564 semel,
641 525 724 558 haec
740 525 874 557 deciens
890 524 1031 567 repetita
1046 522 1202 566 placebit.

268 588 289 610 0
306 579 412 610 maior
428 579 594 616 iuvenum,
616 578 768 620 quamvis
785 583 817 610 et
833 588 916 610 voce
932 581 1076 619 paterna

269 630 402 672 fingeris
418 631 460 662 ad
479 636 604 663 rectum
621 636 653 662 et
670 641 729 672 per
746 634 778 662 te
795 630 892 673 sapis,
912 629 977 661 hoc
994 628 1055 661 tibi
1070 628 1198 660 dictum

269 683 349 715 tolle
365 694 503 723 memor,
525 683 621 716 certis
639 683 786 715 medium
803 688 836 714 et
854 681 1028 714 tolerabile
1044 681 1142 714 rebus

269 742 358 768 recte
374 735 511 768 concedi
528 747 537 774 ς
562 735 732 767 consultus
749 734 829 766 iuris
846 739 878 766 et
895 738 989 766 actor

269 798 441 819 causarum
458 787 635 820 mediocris
651 787 745 819 abest
763 787 884 818 virtute
901 785 1017 818 diserti
1247 797 1298 821 370

271 840 449 872 Messallae
465 850 525 872 nec
543 840 602 872 scit
622 844 783 881 quantum
800 838 983 871 Cascellius
998 835 1116 876 Aulus,

270 892 327 924 sed
342 897 454 924 tamen
471 892 504 923 in
520 891 628 933 pretio
646 897 714 923 est:
739 890 964 922 mediocribus
981 899 1052 921 esse
1068 888 1177 932 poetis

270 955 338 976 non
353 943 516 982 homines,
536 954 604 974 non
621 943 666 981 di,
687 953 755 974 non
773 952 965 974 concessere
981 941 1167 973 columnae.

271 1001 305 1028 ut
323 1001 433 1038 gratas
450 996 535 1027 inter
551 1005 682 1027 mensas
700 994 900 1036 symphonia
917 994 1044 1025 discors

271 1054 303 1081 et
319 1058 466 1080 crassum
482 1052 688 1089 unguentum
707 1052 739 1078 et
758 1046 865 1079 Sardo
882 1055 958 1078 cum
974 1043 1075 1077 melle
1091 1053 1238 1087 papaver

271 1101 453 1140 offendunt,
475 1105 604 1142 poterat
621 1099 698 1131 duci
715 1098 794 1141 quia
810 1108 892 1130 cena
908 1098 979 1130 sine
996 1097 1076 1136 istis,

271 1153 317 1186 sic
334 1152 453 1184 animis
471 1158 586 1184 natum
603 1152 844 1193 inventumque
860 1160 983 1193 poema
999 1148 1163 1188 iuvandis,

271 1206 298 1237 si
316 1206 453 1248 paulum
469 1215 600 1237 summo
618 1203 770 1243 decessit,
790 1203 898 1246 vergit
914 1203 959 1235 ad
975 1202 1090 1234 imum.

271 1257 385 1290 ludere
401 1258 460 1300 qui
478 1257 593 1296 nescit,
615 1255 858 1299 campestribus
874 1255 1020 1287 abstinet
1036 1252 1148 1292 armis,

271 1311 490 1352 indoctusque
508 1310 597 1352 pilae
614 1309 740 1341 discive
756 1307 907 1340 trochive
923 1306 1076 1350 quiescit,
1250 1310 1301 1343 380

272 1373 314 1395 ne
330 1362 455 1405 spissae
470 1362 571 1394 risum
590 1361 708 1393 tollant
725 1361 863 1403 impune
879 1369 1021 1392 coronae
1039 1370 1047 1391 z

271 1415 328 1457 qui
345 1415 449 1447 nescit
467 1425 578 1447 versus
596 1419 708 1447 tamen
725 1413 826 1445 audet
842 1412 980 1454 fingere.
1024 1409 1170 1453 quidni?

272 1468 357 1500 liber
373 1472 405 1500 et
422 1467 594 1509 ingenuus,
616 1465 815 1508 praesertim
831 1474 949 1497 census
964 1467 1154 1505 equestrem

272 1531 438 1552 summam
454 1529 680 1557 nummorum,
700 1518 851 1560 vitioque
867 1520 1014 1548 remotus
1029 1515 1074 1547 ab
1089 1513 1194 1547 omni.

272 1578 308 1604 tu
324 1572 408 1604 nihil
421 1572 527 1604 invita
543 1572 634 1603 dices
650 1570 792 1602 faciesve
810 1569 965 1601 Minerva
982 1579 990 1600 ε

274 1625 307 1656 id
325 1625 386 1656 tibi
404 1624 564 1656 iudicium
582 1628 642 1661 est,
663 1633 702 1654 ea
718 1632 822 1654 mens.
870 1619 981 1662 siquid
996 1623 1110 1652 tamen
1124 1617 1207 1652 olim

273 1677 452 1718 scripseris,
474 1675 509 1708 in
526 1675 638 1708 Maeci
655 1673 836 1706 descendat
854 1672 972 1705 iudicis
988 1671 1077 1704 auris

273 1734 306 1761 et
323 1729 427 1771 patris
444 1734 476 1761 et
493 1733 634 1766 nostras,
653 1735 847 1768 nonumque
858 1728 1030 1767 prematur
1043 1723 1081 1756 in
1094 1731 1233 1762 annum,

274 1781 479 1813 membranis
500 1780 588 1812 intus
604 1779 722 1822 positis
737 1790 745 1810 :
769 1777 881 1810 delere
897 1775 1015 1808 licebit

275 1833 366 1875 quod
382 1844 451 1865 non
466 1832 610 1865 edideris
625 1843 635 1871 3
658 1830 764 1863 nescit
779 1839 845 1861 vox
859 1829 961 1861 missa
975 1826 1107 1860 reverti.
1253 1841 1304 1866 390

276 1886 436 1918 silvestris
451 1885 606 1917 homines
619 1894 712 1916 sacer
727 1883 957 1924 interpresque
971 1880 1113 1912 deorum

277 1938 436 1971 caedibus
453 1942 485 1970 et
502 1938 592 1969 victu
609 1936 708 1969 foedo
724 1934 883 1968 deterruit
901 1931 1068 1975 OrpheuS,
